3075 5100
532 302 611 364 12

535 478 662 546 Sed
710 479 792 543 ad
839 478 1200 562 principem
1248 483 1512 546 senatus
1563 478 1861 544 Ovidium
1906 478 1968 544 h.
2005 479 2047 545 l.
2084 479 2449 561 respexisse
2495 499 2615 546 nec
2661 499 2785 562 per
2816 500 2885 546 se

526 585 878 652 verisimile
926 590 1029 650 est
1075 590 1141 650 et
1187 603 1328 650 cum
1376 603 1415 648 a
1464 587 1927 652 consuetudine
1977 606 2167 669 quam
2216 587 2361 652 aliis
2408 587 2601 653 huius
2634 589 2884 669 episto-

527 693 650 774 lae,
700 697 776 757 ut
819 692 916 756 ita
947 692 1175 773 dicam,
1212 693 1294 757 ad
1325 693 1686 774 Augustum
1722 694 1957 760 missae
1989 694 2147 760 locis
2181 700 2400 760 servat
2438 693 2543 776 (cf.
2578 715 2675 760 vv.
2726 697 2878 776 128,

536 800 681 879 133,
717 800 868 878 219,
907 800 1057 879 242,
1097 799 1254 883 509)
1304 803 1441 864 tum
1487 800 1569 864 ab
1618 800 1822 881 ipsius
1867 800 1993 866 loci
2026 799 2107 884 (v.
2144 802 2187 866 i.
2222 821 2285 884 p.
2322 803 2401 865 21
2440 799 2609 884 sqq.)
2641 807 2878 867 tenore

526 923 794 987 prorsus
843 905 1180 985 abhorret3
1230 906 1486 987 iamque
1533 906 1889 972 videbimus
1936 925 2066 987 eOS,
2116 907 2226 989 qui
2272 913 2487 972 tamen
2520 906 2603 971 ad
2634 925 2880 972 annum

528 1014 564 1075 7
574 1007 776 1095 26s28
802 1011 921 1077 has
954 1030 1142 1078 voces
1174 1011 1566 1087 referebant,
1602 1014 1669 1077 id
1702 1015 2145 1080 tantummodo
2178 1014 2457 1080 movisse
2488 1019 2564 1078 ut
2591 1015 2878 1080 incertas

530 1138 799 1202 quarum
847 1119 1205 1200 periculum
1251 1118 1541 1185 fecerant
1588 1121 1991 1186 coniecturas
2040 1121 2125 1186 ad
2152 1133 2333 1185 notus
2365 1133 2497 1185 erat
2544 1121 2878 1203 pertinen-

528 1231 629 1292 tes
676 1225 891 1307 specie
938 1227 1418 1307 probabilitatis
1468 1227 1852 1292 stabilirent.

706 1331 971 1399 Ovidius
1030 1339 1246 1398 autem
1304 1352 1444 1398 cum
1504 1333 1666 1399 haec
1723 1333 2037 1399 scriberet
2090 1338 2167 1398 ut
2221 1334 2303 1399 ad
2351 1333 2588 1401 Tibulli
2632 1333 2876 1399 librum

526 1439 804 1520 primum
853 1439 1096 1504 editum
1142 1439 1238 1504 ita
1285 1440 1367 1504 ad
1414 1440 1692 1522 Augusti
1723 1439 2177 1521 principatum,
2224 1445 2297 1504 ut
2327 1441 2469 1521 ipse
2502 1440 2648 1505 aliis
2681 1439 2873 1506 huius

528 1545 834 1610 Tristium
881 1545 1034 1611 libri
1080 1545 1238 1611 locis
1286 1545 1525 1628 aliique
1573 1546 1747 1611 illius
1796 1547 2031 1611 aetatis
2078 1546 2432 1628 scriptores
2465 1547 2869 1628 saepissime,

527 1652 568 1714 i.
605 1670 658 1715 e.
711 1669 766 1714 a.
801 1653 837 1714 7
848 1653 927 1714 27
937 1652 1048 1734 [27
1091 1652 1428 1733 spectavit,
1473 1671 1598 1733 quo
1632 1651 1716 1732 (a.
1745 1652 1803 1716 d.
1832 1652 2031 1717 XVII.
2072 1651 2204 1718 Cal.
2230 1653 2447 1731 Febr.)
2480 1653 2873 1719 Octavianus

527 1757 782 1823 nomine
837 1758 1174 1840 Augusti¹)
1232 1759 1601 1840 appellatus
1660 1763 1778 1824 cst.
1874 1757 2000 1824 Sed
2056 1761 2282 1842 negari
2340 1779 2467 1826 non
2513 1765 2764 1843 potest,
2818 1761 2871 1826 si

528 1866 623 1929 ita
678 1884 814 1930 rem
859 1865 1308 1947 intelligimus,
1368 1863 1784 1930 difficultates
1843 1867 2151 1947 quasdam
2198 1872 2468 1933 restare.
2549 1866 2716 1931 Nam
2765 1869 2872 1950 qui

526 1969 766 2036 factum
815 1977 914 2036 est
960 1977 1034 2036 ιιι
1081 1971 1370 2038 Tibullus
1419 1993 1476 2038 a.
1514 1969 1760 2057 727s27
1813 1972 2039 2054 (mens.
2089 1972 2428 2058 Ianuar.)
2478 1975 2606 2038 iam
2656 1974 2871 2040 clarus

526 2083 703 2143 esset
747 2079 789 2142 i.
825 2095 879 2142 e.
931 2079 1240 2160 opuscula
1285 2079 1602 2162 quaedam
1649 2084 1883 2161 poetae
1930 2079 1999 2144 in
2047 2079 2254 2146 lucem
2287 2081 2676 2162 prodissent,
2730 2099 2869 2146 cum

527 2205 607 2251 ne
654 2186 900 2268 primus
949 2186 1205 2268 quidem
1253 2187 1606 2269 elegiarum
1653 2186 1838 2269 liber,
1887 2188 2120 2253 nedum
2170 2189 2505 2268 secundus,
2555 2192 2691 2251 tum
2726 2206 2872 2253 con-

527 2292 732 2359 fectus
775 2297 964 2375 esset,
1016 2312 1156 2359 cum
1190 2312 1448 2358 carmen
1495 2293 1837 2374 septimum
1872 2299 2229 2359 autumno
2276 2294 2467 2359 huius
2502 2295 2653 2359 anni
2703 2314 2870 2360 com-

525 2402 918 2483 poneretur?
994 2400 1130 2465 Iam
1186 2401 1386 2483 igitur
1445 2400 1684 2465 dixerit
1742 2400 1905 2481 quiS,
1964 2405 2077 2464 aut
2125 2401 2203 2465 de
2251 2402 2465 2468 verbis
2514 2414 2693 2466 notus
2742 2415 2869 2466 erat

528 2509 721 2575 aliter
777 2525 851 2574 ac
907 2525 1022 2573 nos
1079 2508 1531 2590 proposuimus
1589 2507 2001 2572 iudicandum
2057 2525 2199 2575 esse
2254 2515 2367 2575 aut
2423 2511 2503 2577 de
2558 2512 2869 2593 temporis

433 2654 445 2668 ·
529 2617 791 2681 notione
839 2634 1005 2698 quae
1053 2616 1224 2680 inest
1269 2616 1336 2680 in
1383 2627 1438 2679 te
1472 2615 1789 2701 princepe.

707 2723 831 2789 Sed
876 2723 1252 2805 priusquam
1283 2722 1408 2804 ipsi
1440 2721 1559 2787 has
1592 2739 1755 2803 quae
1786 2722 2083 2787 videntur
2114 2742 2241 2789 non
2274 2730 2427 2789 sunt
2456 2724 2867 2792 difficultates

527 2830 868 2911 solvamuS,
918 2830 1046 2895 iam
1081 2831 1514 2911 quaerendum
1552 2835 1669 2910 est,
1718 2848 1869 2894 num
1901 2830 2055 2912 quid
2094 2830 2257 2896 recti
2292 2832 2354 2895 ei
2386 2832 2494 2912 qui
2527 2845 2706 2897 notus
2740 2847 2867 2899 erat

526 2937 687 3002 nihil
754 2938 930 3002 aliud
995 2935 1362 3018 significare
1425 2936 1649 3010 volunt
1706 2937 2139 3003 Baehrensius
2207 2944 2272 3003 et
2326 2938 2691 3005 Hankelius
2747 2942 2867 3007 viri

527 3044 883 3111 doctissimi
931 3063 1124 3127 quam
1169 3046 1435 3109 innotuit
1483 3050 1549 3110 et
1596 3044 1827 3110 referri
1875 3045 2100 3111 iubent
2146 3045 2227 3109 ad
2276 3045 2563 3127 singulas
2578 3046 2631 3128 ²)
2681 3067 2866 3130 quas-

527 3154 674 3218 dam
739 3152 889 3219 libri
955 3152 1145 3233 primi
1212 3152 1482 3234 elegias,
1558 3169 1716 3233 quas
1784 3170 2073 3219 seorsum
2140 3153 2487 3235 opinantur
2551 3154 2865 3221 Tibullum

668 3437 712 3507 1)
747 3436 873 3505 Ipse
912 3435 1085 3489 tradit
1120 3434 1402 3504 Augustus
1448 3435 1555 3488 ita:
1607 3451 1713 3504 quo
1762 3451 1861 3503 pro
1909 3436 2105 3489 merito
2152 3450 2272 3488 meo
2322 3436 2570 3507 senatu[s
2618 3437 2862 3492 consulto

526 3526 665 3595 Aug.
694 3524 1026 3597 appe]llatus
1063 3541 1206 3588 sum3
1247 3526 1393 3595 quod
1417 3526 1734 3578 restitutum
1760 3527 1845 3578 est
1870 3540 1934 3578 ex
1962 3525 2173 3578 Graeca
2196 3525 2445 3579 versione
2472 3525 2584 3580 fere
2622 3528 2858 3595 integra:

525 3619 578 3677 ἐξ
612 3610 669 3681 ἧς
715 3619 886 3676 αἶτίας
933 3615 1166 3686 δόγματι
1212 3614 1493 3679 συνκλὴτου
1537 3612 1804 3684 Σεβαστός
1836 3617 1844 3680 Ι
1877 3610 2368 3685 προς[ηγορε]ύθην.
2409 3613 2475 3669 cf.
2515 3616 2551 3671 l.
2587 3616 2622 3671 l.
2660 3615 2757 3684 VI,
2802 3618 2861 3670 16

526 3723 578 3775 p.
608 3703 946 3759 LXXXXIV
985 3706 1041 3757 et
1078 3702 1402 3771 LXXXXV,
1440 3719 1492 3771 p.
1528 3706 1823 3759 144—149.

667 3792 717 3861 2)
750 3792 851 3846 His
887 3792 1021 3845 viris
1060 3792 1273 3845 acutius
1311 3807 1486 3861 neque
1524 3794 1706 3846 tamen
1742 3794 1892 3845 recte
1931 3790 2061 3844 olim
2099 3790 2480 3845 Lachmannus
2508 3789 2570 3859 (1.
2595 3790 2632 3843 l.
2658 3806 2709 3858 p.
2744 3791 2862 3859 154)

529 3885 838 3938 censuerat:
893 3883 1042 3933 durch
1088 3882 1430 3933 Recitationen
1476 3883 1579 3932 und
1623 3881 1833 3932 einzelne
1876 3881 2189 3949 Abschrq'ften
2236 3881 2428 3931 werden
2472 3880 2619 3933 echon
2668 3880 2862 3950 manche

525 3974 732 4039 Eleyien
779 3972 965 4023 Tibulls
999 3972 1091 4022 seit
1127 3971 1230 4022 725
1268 3971 1476 4023 bekannt
1519 3971 1776 4036 yeworden
1827 3971 1946 4020 sein.
2029 3968 2143 4020 Nur
2179 3971 2297 4019 aber
2333 3970 2459 4020 auch
2495 3969 2627 4019 nicht
2654 3969 2860 4033 frither:

526 4063 660 4127 „iam
709 4071 753 4112 te
793 4062 1020 4131 principe
1067 4070 1206 4112 notus
1253 4065 1392 4113 erat“
1438 4070 1551 4125 sayt
1590 4059 1733 4112 ovid.
1778 4059 1827 4109 Τ
1819 4060 1924 4110 rist.
1951 4057 2027 4124 II,
2054 4058 2174 4111 464.
2217 4086 2284 4096 —
2322 4056 2514 4110 Eidem
2560 4056 2859 4111 sententiae

524 4155 706 4206 tamen
754 4166 929 4219 nuper
975 4149 1344 4219 adstipulatur
1386 4148 1677 4202 Reischius
1727 4148 1811 4201 vir
1858 4145 2221 4210 doctissimus,
2258 4145 2480 4200 Wiener
2518 4144 2746 4200 Studien
2781 4144 2859 4197 IX

525 4241 711 4310 (1887)
744 4257 794 4309 p.
829 4241 947 4295 119.
