3075 5100
2446 346 2525 410 81

195 517 343 584 mini
393 518 617 599 epico
667 515 841 602 (non
891 516 1210 603 elegiis)
1259 518 1492 584 Tibulli
1553 518 1907 600 elegiarum
1965 520 2116 585 libri
2164 521 2289 586 duo
2338 522 2533 603 primi

195 621 290 708 (cf.
329 643 380 689 s.
413 643 476 706 p.
513 626 598 688 65
634 623 802 706 sqq.)
855 630 1281 707 opponantur,
1332 644 1540 707 neque
1588 644 1738 691 vero
1786 626 1893 692 hic
1939 626 2117 706 ordo,
2166 646 2285 708 per
2334 645 2403 692 se
2451 647 2533 694 ne

193 730 554 796 verisimilis
603 731 880 813 quidem,
929 736 1147 813 potest
1201 733 1460 798 restitui
1507 733 1635 798 nisi
1684 733 1959 798 sumitur
2005 751 2204 814 supra
2251 738 2317 799 et
2362 733 2533 800 infra

192 836 374 918 plura
421 837 764 917 excidisse3
817 838 1056 903 etenim
1101 842 1174 902 ut
1214 838 1555 903 Menandri
1589 839 1817 904 Thaidi
1866 844 1936 906 et
1977 839 2343 907 monobiblo
2377 841 2534 907 Pro-

192 944 377 1023 pertii
437 945 608 1009 dona
664 945 900 1010 desunt
954 962 1119 1026 quae
1170 950 1578 1026 opponantur
1625 945 2033 1027 pretiosiora,
2093 945 2190 1011 ita
2238 944 2534 1013 Ciceroni

192 1049 420 1114 donum
469 1049 660 1115 vilius
709 1051 880 1132 quod
927 1051 1318 1132 respondeat
1363 1052 1720 1132 requiritur
1768 1049 1876 1137 (de
1920 1049 2172 1118 Catullo
2222 1057 2289 1118 et
2337 1053 2531 1120 Calvo

191 1155 261 1221 cf.
306 1157 348 1221 i.
393 1176 456 1238 p.
505 1157 586 1222 83
637 1156 780 1240 sq.).
875 1157 1328 1224 Dubitationes
1390 1158 1591 1236 igitur
1647 1176 1813 1240 quae
1872 1163 2093 1224 extare
2148 1159 2533 1226 videbantur

189 1282 313 1329 non
369 1262 705 1344 tolluntur,
765 1263 958 1330 immo
1018 1282 1224 1336 novae
1276 1269 1609 1345 parantur.
1703 1266 1791 1330 At
1846 1266 1903 1330 si
1949 1265 2071 1332 hoc
2126 1265 2335 1346 ipsum
2386 1286 2533 1333 con-

190 1371 437 1435 ceditur
502 1371 756 1436 omnino
812 1370 1104 1453 potuisse
1160 1368 1334 1451 fieri,
1394 1371 1566 1452 quod
1626 1370 2029 1451 crediderim,
2088 1389 2293 1453 aeque
2343 1391 2417 1438 ac
2462 1375 2530 1439 in

188 1476 330 1542 aliis
378 1477 532 1542 libri
580 1476 876 1559 partibus
933 1495 1038 1544 res
1087 1496 1321 1560 genere
1385 1477 1679 1544 diversae
1734 1482 1809 1542 ut
1868 1496 1994 1543 non
2044 1478 2251 1543 solum
2297 1484 2530 1561 poetae

187 1583 416 1664 poetiS,
486 1583 781 1650 historici
848 1584 1175 1652 historicis
1255 1589 1757 1666 opponerentur,
1830 1586 1947 1650 sed
2022 1585 2220 1650 etiam
2297 1592 2530 1667 poetae

186 1689 514 1754 historicis
561 1694 630 1755 et
669 1691 810 1756 vice
857 1709 1044 1756 versa
1085 1690 1378 1756 historici
1426 1691 1660 1773 poetis,
1705 1692 1835 1756 iam
1884 1696 2384 1759 consentaneum
2433 1699 2533 1760 est

185 1793 466 1860 fabulam
500 1795 839 1862 Menandri
885 1815 1003 1878 per
1051 1815 1120 1862 se
1166 1797 1703 1880 pretiosissimam
1750 1798 2017 1865 minoris
2065 1804 2281 1866 tamen
2327 1799 2527 1868 fuisse

189 1899 514 1983 Cicerone,
577 1903 712 1970 sive
767 1904 1084 1970 credimus
1149 1905 1231 1969 ad
1298 1905 1666 1974 universum
1728 1904 2100 1972 Ciceronem
2163 1906 2531 1973 Martialem

188 2006 580 2088 spectavisse
649 2008 785 2074 sive
869 2010 950 2074 ad
1033 2012 1364 2093 complura
1441 2011 1795 2092 volumina,
1879 2031 2065 2094 quem
2153 2013 2262 2094 qui
2331 2013 2533 2079 habet

189 2114 480 2199 „lonqam
545 2115 713 2177 viam
769 2128 1098 2202 cawturus
1163 2126 1375 2198 esseffl,
1452 2117 1611 2182 item
1670 2118 1999 2200 Propertii
2068 2119 2527 2204 monobiblum,

187 2220 318 2286 sive
375 2220 614 2289 librum
671 2221 948 2303 primum
1007 2223 1178 2304 quod
1235 2223 1528 2305 plerique
1587 2225 1855 2289 credunt
1919 2224 2053 2290 sive
2107 2230 2317 2291 totum
2373 2226 2531 2290 Pro-

185 2329 467 2410 pertium
519 2366 591 2376 —
651 2329 820 2410 quod
866 2329 930 2397 h.
963 2331 1004 2394 l.
1057 2349 1184 2396 non
1233 2330 1511 2396 diiudico
1552 2367 1629 2376 --
1664 2349 1791 2396 non
1838 2331 1933 2396 ita
1977 2329 2259 2412 amplum
2308 2349 2531 2412 quam-

186 2455 374 2517 quam
423 2435 888 2518 lepidissimum
935 2455 1134 2518 opere
1180 2437 1367 2516 Livii,
1419 2436 1817 2518 Sallustium,
1866 2439 2253 2518 praesertim
2300 2439 2358 2504 si
2402 2456 2531 2504 non

184 2548 358 2609 totus
405 2543 520 2609 sed
549 2542 969 2621 historiarum
1001 2542 1151 2608 libri
1184 2543 1467 2626 quinque
1500 2541 1968 2627 significantur,
2016 2544 2284 2610 minoris
2318 2543 2532 2611 Ovidii

182 2650 814 2731 Metamorphosibus
863 2650 1298 2716 celeberrimis
1357 2650 1723 2732 quindecim
1778 2650 1981 2716 libros
2030 2650 2528 2718 continentibus.

181 2760 356 2824 Haec
405 2757 608 2839 igitur
665 2757 834 2824 dona
888 2757 1038 2823 inde
1097 2777 1136 2822 a
1187 2759 1310 2822 187
1369 2758 1450 2823 ad
1505 2759 1631 2821 192
1678 2776 1797 2839 per
1852 2774 1923 2823 se
1982 2757 2196 2822 omnia
2242 2757 2532 2839 pretiosa

183 2872 358 2949 sunt,
421 2883 587 2948 quae
633 2870 852 2931 tamen
899 2863 1248 2943 Martialis,
1308 2864 1569 2945 opinor,
1619 2865 1713 2929 ita
1772 2864 2044 2946 digessit
2097 2869 2173 2929 ut
2218 2863 2403 2928 diviti
2453 2882 2531 2928 ea

183 2993 346 3056 quae
405 2972 653 3039 ambitu
712 2990 963 3054 quoque
1021 2972 1268 3036 maiora
1325 2975 1492 3050 sunt,
1554 2971 1827 3053 pauperi
1886 2987 2052 3052 quae
2106 2971 2358 3035 minora
2412 2970 2529 3043 tri-

181 3080 430 3147 bueret.
548 3080 634 3144 Et
703 3097 1092 3161 quamquam
1161 3078 1386 3161 negari
1455 3097 1585 3145 non
1654 3082 1871 3159 potest
1944 3080 2287 3158 quattuor
2320 3076 2531 3158 prima

187 3188 557 3261 183-186‚
610 3204 750 3251 cum
782 3190 1125 3268 utrumque
1158 3185 1439 3267 pretium
1472 3183 1568 3266 (et
1600 3184 1771 3266 quod
1803 3188 2058 3266 spectat
2104 3183 2186 3248 ad
2218 3183 2528 3249 ambitum

183 3296 483 3377 quodque
530 3293 612 3359 ad
644 3293 1052 3376 qualitatem)
1098 3294 1263 3359 bene
1313 3292 1626 3372 concidat,
1676 3291 1934 3373 aptiora
1980 3291 2165 3357 nobis
2209 3290 2525 3356 iudicibus

181 3401 388 3467 videri
438 3418 603 3481 quae
650 3404 1058 3481 opponantur
1115 3419 1306 3483 quam
1361 3401 1520 3483 haec
1592 3398 1971 3477 187-192,
2036 3402 2253 3461 tamen
2312 3396 2379 3462 in
2425 3396 2527 3461 his

183 3528 346 3591 quae
418 3508 690 3573 alteram
760 3507 1204 3573 tantummodo
1275 3508 1593 3573 rationem
1662 3509 2013 3587 sequantur
2055 3522 2209 3579 „non
2267 3503 2525 3590 gravius

180 3615 524 3683 haeserim.
616 3614 693 3678 Id
749 3619 965 3680 autem
1013 3618 1258 3681 certum
1328 3618 1429 3678 est
1490 3612 1687 3678 Birtii
1744 3612 2051 3691 rationeS,
2124 3611 2179 3675 si
2233 3611 2527 3675 tenemus

181 3724 622 3789 membranam
653 3720 860 3803 pluris
906 3720 1104 3787 fuisse
1149 3739 1415 3803 papyro,
1465 3719 1825 3785 reiciendas
1875 3736 2046 3796 esse;
2098 3733 2306 3798 neque
2356 3716 2525 3796 enim

182 3831 532 3912 quidquam
601 3828 731 3892 iam
801 3832 1008 3893 restat
1075 3832 1212 3892 tum
1283 3827 1454 3909 quod
1522 3826 1754 3907 probet
1814 3823 2153 3921 Menandri
2217 3822 2523 3887 Thaidem

183 3936 513 4015 Cicerone,
563 3934 889 4015 Propertii
922 3932 1356 4000 monobiblum
1387 3932 1591 4014 Livio,
1643 3930 1873 3997 Ovidio
1908 3928 2286 4007 Sallustium
2314 3928 2522 4009 pluris

181 4043 489 4109 habuisse
539 4041 904 4107 Martialem
954 4046 1020 4105 et
1065 4040 1249 4107 diviti
1281 4040 1604 4105 tribuisse.
1686 4039 1771 4103 Et
1799 4037 2050 4103 accedit
2081 4035 2251 4117 quod
2282 4034 2522 4099 extrin-

183 4168 366 4217 secus
398 4148 666 4230 probari
696 4147 952 4212 videtur
986 4147 1293 4225 ordinem,
1344 4146 1452 4227 qui
1485 4146 1723 4227 legitur
1755 4146 1823 4210 in
1859 4143 2203 4222 codicibus,
2253 4158 2519 4223 prorsus

183 4258 507 4338 integrum
556 4272 716 4321 esse.
795 4254 1096 4337 Legimus
1144 4254 1312 4319 enim
1359 4253 1427 4318 in
1472 4252 1705 4333 titulis,
1757 4253 1837 4317 de
1885 4251 2137 4333 quibus,
2188 4267 2331 4317 cum
2376 4247 2518 4330 ipse

2166 4365 2199 4417 6
