3075 5100
2474 384 2551 446 51

191 552 513 616 extremis
563 552 798 618 aetatis
855 552 1042 618 annis
1092 553 1413 618 Tibullum
1468 553 1809 636 scripsisse
1864 558 2032 638 quod
2094 559 2315 626 multis
2369 560 2549 642 lociS,

189 659 380 723 velut
429 657 540 739 IV,
592 661 653 739 2,
689 660 730 721 9
781 663 849 722 et
894 657 1000 739 IV,
1039 661 1098 741 2,
1143 659 1221 723 13
1271 659 1596 742 Propertii
1643 680 1869 727 versus
1915 668 2133 729 aetate
2180 667 2433 747 priores
2468 667 2552 747 II,

193 768 255 844 l,
301 768 340 828 7
393 769 464 829 et
510 765 599 830 IV
642 765 725 848 (V
758 763 876 846 L.),
929 767 988 844 2,
1029 765 1112 828 45
1161 771 1421 832 secutus
1469 773 1661 832 esset.
1744 768 1827 832 At
1874 770 1931 834 si
1977 788 2099 850 per
2145 789 2216 837 se
2251 773 2551 840 dubitan-

188 873 351 936 dum
403 877 506 936 est
562 891 712 938 num
770 872 852 937 de
907 871 1375 940 imitationibus
1431 873 1623 938 huius
1681 874 1935 940 illiusve
1990 883 2225 959 poetae
2283 882 2554 963 cogitari

185 977 396 1047 liceat
447 978 546 1059 (cf.
584 979 694 1063 n.),
743 979 947 1044 multo
994 980 1200 1061 magis
1249 978 1613 1045 diffidamus
1662 986 1937 1064 oportet,
1998 984 2053 1048 si
2102 1004 2179 1051 ea
2224 1005 2389 1068 quae
2434 989 2553 1053 tali
2627 988 2639 1002 “

183 1085 458 1151 ratione
505 1087 919 1152 inveniuntur
965 1087 1159 1151 rebus
1207 1086 1368 1169 ipsis
1417 1106 1576 1169 quas
1625 1089 1784 1153 satis
1834 1096 2195 1172 compertas
2239 1090 2551 1156 habemus

183 1199 586 1276 repugnant.
707 1194 890 1272 Quod
945 1194 1121 1258 cadit
1175 1193 1240 1258 in
1289 1193 1512 1260 Olseni
1569 1197 2000 1276 quaestiones.
2118 1199 2279 1263 Nam
2330 1217 2551 1281 quam·

183 1319 388 1381 quam
441 1301 498 1366 si
544 1301 815 1382 respicis
871 1301 1050 1382 prius
1107 1300 1278 1383 quod
1333 1301 1556 1367 attulit
1611 1302 1709 1367 vir
1768 1303 1995 1370 doctus
2054 1306 2413 1388 exemplum
2473 1324 2551 1370 ex

182 1408 602 1489 temporibus
650 1407 813 1472 nihil
860 1407 1076 1472 evadit
1123 1405 1543 1488 difficultatis,
1596 1427 1737 1474 cum
1786 1415 2040 1476 constet
2094 1413 2419 1494 Propertii
2473 1413 2551 1476 li·

180 1513 384 1578 brum
465 1515 815 1580 secundum
895 1513 1141 1578 editum
1213 1533 1354 1580 esse
1431 1517 1864 1598 compluribus
1940 1519 2125 1584 annis
2204 1524 2550 1601 antequam

181 1621 490 1687 Tibullus
545 1621 706 1686 haec
767 1621 1047 1704 elegidia
1105 1627 1545 1704 componeret,
1613 1625 1937 1706 posterius
1989 1645 2255 1707 prorsus
2314 1645 2549 1692 vanum

181 1734 311 1796 est.
419 1729 680 1795 Etenim
739 1748 879 1795 cum
936 1728 1262 1810 Propertii
1319 1728 1484 1795 liber
1541 1735 1809 1811 quartus
1870 1732 2153 1814 (quintus
2202 1733 2303 1818 L.)
2360 1734 2547 1799 annis

182 1834 448 1922 732l22
502 1874 581 1882 —
635 1834 885 1925 738116
935 1836 1212 1918 scriptus
1261 1835 1368 1917 sit,
1418 1834 1561 1900 fieri
1608 1853 1735 1902 non
1794 1843 2011 1919 potest
2065 1845 2140 1904 ut
2194 1840 2277 1905 de
2332 1841 2543 1906 imita-

177 1944 335 2004 tore
387 1941 641 2010 Tibullo
692 1944 1013 2026 cogitetur
1060 1943 1170 2025 qui
1221 1938 1467 2022 735119
1516 1949 1809 2009 mortuus
1858 1949 1975 2012 est.
2071 1946 2147 2012 Id
2196 1953 2411 2012 autem
2459 1949 2543 2013 ad

178 2066 330 2112 rem
378 2067 505 2113 non
561 2052 833 2115 multum
897 2050 1073 2116 valet
1127 2054 1343 2114 utrum
1401 2050 1506 2114 hic
1564 2051 1729 2116 liber
1776 2069 1815 2116 a
1863 2053 2203 2134 Propertio
2260 2054 2403 2135 ipso
2461 2072 2544 2118 an

178 2155 272 2219 ab
321 2155 453 2220 alio
512 2158 682 2238 quod
738 2158 1031 2241 plerique
1095 2157 1363 2222 credunt
1415 2163 1565 2250 post
1622 2158 1867 2223 obitum
1923 2165 2158 2241 poetae
2212 2162 2279 2226 in
2336 2161 2544 2227 lucem

181 2262 468 2328 emissus
516 2264 630 2343 sit;
691 2265 805 2329 sed
851 2265 1199 2330 tenendum
1259 2269 1359 2330 est
1413 2265 1650 2347 librum
1698 2271 1850 2331 ante
1899 2285 1955 2332 a.
1995 2265 2243 2354 738116
2302 2268 2541 2334 editum

176 2387 317 2434 non
369 2387 533 2435 esse.
605 2369 803 2435 Cuius
849 2370 1134 2436 universi
1170 2372 1460 2437 Tibullus
1505 2373 1803 2439 notitiam
1851 2393 1977 2438 non
2026 2374 2277 2454 habuit3
2333 2393 2541 2457 neque

177 2600 636 2656 assentiebantur
667 2600 802 2655 mihi
827 2601 911 2653 vir
936 2601 1131 2655 doctus
1168 2618 1277 2655 non
1312 2602 1600 2671 persuasit.
1666 2602 1884 2656 Etenim
1906 2618 2007 2673 per
2031 2620 2089 2658 se
2117 2608 2539 2661 consentaneum

179 2696 272 2746 est
305 2694 504 2762 poetas
543 2690 814 2759 elegiacos
851 2690 1052 2761 quippe
1091 2691 1186 2761 qni
1223 2694 1548 2759 argumenta
1584 2692 1774 2746 eadem
1812 2691 2174 2762 depingerent
2213 2726 2275 2735 —
2318 2712 2539 2766 asperas

177 2781 310 2835 dico
336 2779 568 2850 puellas,
605 2780 718 2835 iras
743 2782 1063 2848 amatorum,
1101 2780 1318 2835 morbos
1344 2780 1579 2848 illarum,
1618 2780 1813 2835 horum
1836 2780 2037 2850 luctus,
2062 2797 2305 2838 amorum
2330 2784 2537 2853 laudes,

175 2886 400 2923 summa
435 2858 640 2937 gaudia
676 2869 785 2923 alia
823 2898 888 2907 --
929 2869 1096 2923 verba
1135 2885 1347 2941 quoque
1387 2869 1476 2924 vel
1523 2869 1717 2924 eadem
1754 2871 1843 2925 vel
1888 2870 2089 2925 similia
2136 2888 2335 2943 easque
2383 2890 2539 2943 prae-

173 2959 379 3013 sertim
427 2960 730 3013 sententias
769 2974 910 3029 quae
959 2962 1239 3029 tamquam
1277 2958 1545 3013 solemnes
1593 2976 1697 3012 usu
1734 2960 1940 3014 fiebant
1986 2962 2253 3030 posuisse.
2346 2962 2539 3018 Potuit

177 3051 337 3102 certe
377 3048 645 3115 accidere,
684 3050 747 3101 ut
785 3048 880 3118 qui
917 3064 1126 3101 summa
1165 3051 1321 3102 erant
1355 3047 1635 3116 memoria,
1672 3048 1825 3103 velut
1851 3048 2097 3117 Ovidius,
2137 3066 2203 3105 ea
2229 3066 2366 3122 quae
2394 3052 2539 3120 apud

173 3137 324 3192 alios
373 3136 628 3205 legerant
683 3136 814 3190 data
859 3134 1124 3191 facultate
1171 3152 1402 3206 quorum
1449 3140 1633 3191 essent
1688 3154 1879 3207 parum
1934 3139 2207 3193 recordati
2265 3142 2321 3194 et
2373 3141 2537 3194 inviti

172 3229 467 3295 tamquam
502 3242 604 3295 pro
642 3226 754 3279 suis
782 3225 1156 3294 venditarent3
1191 3241 1370 3295 neque
1409 3226 1553 3279 enim
1580 3226 1730 3279 credi
1766 3230 1951 3295 potest
1974 3229 2087 3282 tam
2123 3229 2337 3283 ieiunos
2362 3228 2531 3284 fuisse

172 3316 284 3371 hos
321 3316 517 3385 poetas
553 3318 618 3369 ut
655 3314 904 3369 consulto
943 3313 1085 3367 alter
1108 3315 1175 3368 ab
1210 3314 1384 3368 altero
1411 3314 1715 3369 sententias
1738 3314 2069 3373 furarentur.
2136 3316 2286 3381 Quae
2314 3317 2533 3388 quidem

171 3406 429 3460 rationes
467 3404 772 3459 ceciderint
806 3403 866 3457 in
902 3402 1057 3457 tertii
1095 3406 1152 3457 et
1189 3402 1374 3473 quarti
1420 3420 1474 3472 p.
1503 3402 1631 3457 Chr.
1656 3421 1711 3457 n.
1737 3404 1945 3459 saeculi
1995 3406 2271 3460 versifices
2310 3408 2405 3477 qui
2451 3408 2535 3460 in-

171 3494 338 3564 genii
375 3494 591 3547 steriles
627 3494 738 3563 ipsi
784 3492 1042 3547 classicos
1094 3496 1158 3546 ut
1192 3492 1274 3546 ita
1320 3493 1498 3546 dicam
1536 3492 1835 3561 scriptores
1875 3495 2279 3560 exscribebant3
2319 3497 2377 3549 in
2411 3495 2533 3549 hos

171 3586 378 3655 poetas
418 3581 612 3637 cadere
649 3599 757 3636 non
783 3582 1056 3636 videntur.
1115 3582 1188 3635 Et
1213 3598 1336 3636 cum
1360 3582 1420 3635 in
1442 3580 1530 3634 his
1560 3580 1741 3649 rebus,
1768 3582 1815 3635 si
1842 3582 1953 3637 alia
1973 3584 2291 3638 testimonia
2318 3584 2532 3651 desunt,

173 3672 573 3727 difficillimum
607 3672 771 3725 immo
808 3671 1028 3725 irritum
1065 3670 1180 3725 fere
1218 3672 1294 3724 sit
1329 3672 1455 3724 uter
1489 3670 1643 3739 prior
1680 3671 1966 3741 scripserit
2001 3674 2126 3726 uter
2169 3672 2417 3725 imitatus
2456 3672 2531 3725 sit

171 3761 507 3829 diiudicare,
545 3776 738 3815 vereor
772 3776 842 3815 ne
882 3760 978 3830 qui
1015 3776 1078 3813 ex
1113 3759 1201 3813 his
1225 3759 1358 3829 ipsis
1397 3757 1608 3829 aliquid
1639 3758 1899 3827 colligere
1927 3759 2113 3817 studet
2137 3761 2207 3815 ad
2234 3762 2532 3816 carminum

167 3851 268 3906 vel
307 3851 687 3904 universorum
723 3849 988 3903 librorum
1025 3852 1274 3918 tempora
1300 3847 1623 3915 definienda,
1660 3848 1709 3901 is
1734 3848 1792 3903 in
1828 3848 2041 3903 lubrico
2066 3852 2334 3917 versetur,
2371 3865 2529 3919 prae-

169 3940 374 3997 sertim
413 3956 535 3993 cum
573 3954 712 4009 quae
751 3941 904 3995 certa
941 3954 1060 3993 esse
1097 3937 1355 3992 videntur
1389 3936 1496 3991 hoc
1530 3937 1692 3991 modo
1732 3938 2035 3992 constituta
2070 3954 2181 3992 non
2215 3954 2342 3993 raro
2367 3937 2529 3991 rebus

171 4032 298 4085 sive
335 4028 474 4098 ipsis
512 4028 626 4083 sive
664 4027 774 4081 alia
811 4044 874 4081 ac
915 4027 1147 4081 certiore
1173 4027 1386 4081 ratione
1413 4025 1633 4081 aliunde
1658 4025 1905 4095 probatis
1930 4028 2255 4095 repugnent.
2312 4025 2530 4079 Mecum

172 4116 460 4173 consentit
514 4116 576 4170 F.
613 4116 790 4187 Spiro,
846 4116 1127 4171 Deutsche
1173 4114 1723 4183 Litteraturzeitung‚
1772 4114 1853 4169 IX
1890 4114 2077 4184 (1888)
2112 4130 2164 4183 p.
2206 4116 2369 4183 14983
2423 4113 2527 4167 hae

171 4210 366 4262 autem
401 4206 642 4261 rationes
680 4205 926 4259 lubricae
962 4205 1132 4259 nolim
1169 4203 1573 4273 confundantur
1622 4220 1745 4257 cum
1792 4205 1872 4259 eis
1921 4220 2055 4275 quas
2100 4203 2275 4272 primo
2326 4202 2523 4257 obtutu

171 4298 338 4367 patet
376 4311 440 4349 ex
480 4298 628 4349 certo
669 4295 899 4350 consilio
939 4298 1086 4348 ortas
1125 4300 1262 4363 esse,
1299 4294 1452 4348 velut
1489 4310 1532 4349 s.
1558 4311 1609 4363 p.
1638 4296 1708 4349 40
1734 4310 1855 4363 sqq.

2140 4390 2206 4443 4*
