3075 5100
2492 377 2572 439 71

223 553 392 638 sqq.)
440 552 689 618 incidit.
731 587 802 598 —-
845 542 970 616 sed
1009 551 1238 616 harum
1287 569 1501 616 rerum
1556 555 1747 630 „sunt
1804 552 1965 616 certi
2026 552 2301 634 denique
2350 551 2574 618 fines“.

223 661 450 742 Neque
499 659 667 724 enim
714 656 860 722 fieri
906 663 1127 740 potest
1172 677 1290 724 nec
1337 658 1600 739 poterit,
1652 656 1899 739 opinor,
1962 663 2035 722 ut
2082 677 2245 740 quae
2293 659 2575 724 testibus

221 765 671 832 deficientibus
727 764 978 830 lubrica
1034 769 1185 829 sunt
1251 769 1319 829 et
1375 764 1715 829 admodum
1772 764 2021 829 incerta
2077 783 2157 829 ea
2204 770 2382 831 certa
2428 765 2574 831 red-

221 876 480 954 dantur,
531 891 740 955 neque
773 890 985 936 meum
1027 876 1129 937 est
1174 870 1294 935 hoc
1341 870 1479 935 loco
1519 870 1776 952 longius
1808 870 2146 938 disserere.
2228 871 2355 938 Sed
2383 873 2576 938 Birtii

223 981 632 1059 coniectum,
697 996 863 1061 quae
912 977 1095 1058 ipsae
1157 976 1557 1058 „brevitate“
1610 971 1759 1042 libri
1822 978 2085 1043 secundi
2133 983 2345 1044 motae
2404 983 2573 1060 sunt,

223 1087 496 1152 excitati
545 1084 823 1151 officium
861 1083 1099 1149 subire
1157 1083 1593 1150 necessarium
1653 1099 1795 1150 esse
1841 1084 2229 1164 putavimnS‚
2288 1089 2363 1150 ut
2409 1104 2575 1167 quae

221 1194 691 1276 probabilitate
739 1191 863 1255 niti
893 1191 1269 1257 viderentur
1316 1207 1481 1272 quae
1511 1209 1681 1255 vana
1714 1195 1933 1256 essent
1963 1191 2459 1257 diiudicaremus
2509 1198 2576 1259 et

225 1302 309 1365 ad
343 1318 538 1382 quem
587 1298 856 1380 gradum
904 1297 1486 1363 verisimilitudinis
1533 1298 1601 1363 in
1643 1297 1743 1362 his
1774 1297 1969 1363 rebus
2012 1299 2239 1364 liceret
2270 1300 2574 1366 accedere

219 1423 708 1488 exponeremus.
785 1403 859 1468 Id
895 1408 1111 1469 autem
1143 1404 1571 1486 probabiliter
1602 1404 2079 1471 demonstrasse
2122 1406 2277 1470 mihi
2324 1406 2566 1488 videor,

220 1515 395 1595 quod
451 1513 685 1578 statuit
745 1511 989 1576 Birtius
1047 1529 1173 1576 non
1230 1511 1433 1576 multo
1490 1516 1645 1593 post
1701 1511 1938 1576 Tibulli
2003 1517 2275 1578 mortem
2324 1512 2573 1595 Lygda-

218 1639 392 1684 mum
448 1619 616 1685 libro
674 1618 953 1683 secundo
1011 1616 1376 1684 Tibulliano
1433 1636 1472 1681 a
1518 1617 1722 1683 Sosiis
1783 1618 2105 1684 adiectum
2164 1637 2305 1684 cum
2366 1638 2441 1685 eo
2503 1621 2571 1684 in

216 1745 414 1791 unum
489 1726 825 1806 coaluisse,
899 1728 1074 1790 stare
1149 1743 1276 1789 non
1347 1741 1559 1805 posse.
1666 1723 1931 1806 Iamque
2000 1725 2289 1790 videmus
2361 1726 2569 1791 virum

217 1835 480 1900 doctum
538 1832 602 1897 in
661 1833 830 1897 hunc
887 1849 1172 1897 errorem
1220 1830 1563 1896 deductum
1625 1849 1767 1897 esse
1816 1850 1910 1908 eo,
1958 1832 2130 1913 quod
2177 1851 2570 1898 numerum
2690 1885 2703 1897 .

216 1961 316 2006 vv.
369 1939 504 2004 428
552 1938 700 2021 plus
747 1957 953 2021 aequo
993 1936 1346 2019 respiciens
1395 1955 1546 2000 num
1593 1955 1721 2001 res
1768 1937 2072 2002 brevitati
2105 1939 2573 2020 responderent

216 2066 344 2113 non
403 2045 852 2128 investigavit;
913 2063 1039 2126 quo
1097 2041 1338 2109 factum
1397 2048 1500 2108 est
1560 2048 1635 2108 ut
1691 2047 1879 2108 acute
1936 2045 2016 2109 de
2063 2045 2386 2110 Martialis
2436 2047 2570 2128 epi-

219 2157 579 2236 grammate
641 2153 754 2217 illo
816 2151 1100 2217 sentiens
1160 2167 1398 2232 operae
1461 2149 1740 2215 fructum
1798 2170 1927 2217 non
1970 2151 2066 2216 ita
2132 2157 2204 2217 ut
2261 2170 2382 2234 par
2428 2153 2577 2220 erat

219 2265 502 2343 caperet.

397 2365 584 2446 Quod
640 2365 886 2431 Birtius
956 2383 1084 2430 non
1141 2363 1343 2430 subiit
1397 2364 1464 2428 id
1517 2381 1751 2429 munus
1806 2362 2093 2446 suscepit
2135 2363 2425 2430 Hillerus
2470 2366 2570 2432 vir

220 2474 296 2538 de
347 2472 605 2538 Tibullo
652 2477 916 2556 praeter
965 2477 1213 2537 ceteros
1261 2469 1561 2551 meritus3
1610 2470 1721 2552 qui
1768 2488 1911 2536 cum
1957 2469 2131 2538 illius
2166 2473 2566 2540 coniecturas

220 2598 295 2644 ex
340 2583 534 2661 parte
580 2577 959 2644 refutaverit
1004 2580 1146 2661 ipse
1194 2577 1348 2660 quid
1395 2578 1638 2643 sentiat
1685 2579 1767 2643 de
1811 2578 1963 2644 libri
2010 2580 2273 2644 secundi
2320 2578 2567 2646 ambitu

223 2687 552 2768 „minore“
603 2686 820 2768 aperit
872 2687 965 2751 ita
1019 2686 1088 2768 (l.
1138 2685 1182 2750 l.
1231 2705 1296 2767 p.
1331 2684 1459 2750 352
1494 2686 1647 2768 sq.):
1700 2684 1887 2759 „Das
1941 2686 2146 2751 zweite
2189 2686 2374 2749 Buch
2420 2686 2569 2752 aber

218 2797 313 2875 ist,
365 2794 480 2857 wie
526 2817 678 2858 man
723 2795 836 2856 mit
881 2794 1072 2859 Rea-ht
1118 2794 1453 2873 annimmt‚
1513 2792 1673 2855 nach
1718 2794 1857 2857 dem
1914 2794 2079 2857 Tode
2122 2793 2228 2857 des
2274 2793 2568 2858 Dichter-9

217 2902 732 2987 Iaerausyeyebem
802 2924 978 2966 wenn
1047 2924 1178 2965 mm
1243 2901 1356 2965 der
1403 2899 1835 2985 Herausyeber
1896 2900 2028 2964 eine
2080 2910 2359 2985 yro'ssere
2404 2900 2569 2964 Zahl

218 3032 334 3073 von
376 3006 790 3073 Tibulli-§chen
832 3004 1165 3073 G'edichten
1210 3007 1504 3071 zunc’ichst
1550 3007 1717 3069 nicht
1761 3006 2104 3093 aufireiben
2149 3008 2386 3081 Ισοππέε,
2437 3030 2567 3071 was

222 3116 376 3181 blieb
424 3116 554 3179 ihm
600 3117 828 3180 andere
858 3116 1058 3201 &bv-iq,
1110 3115 1204 3179 als
1234 3116 1350 3177 das
1381 3114 1510 3177 ihm
1541 3114 1923 3198 vorlieyende
1952 3136 2031 3177 zu
2058 3114 2561 3199 veroffentlichen‚

219 3245 284 3286 80
330 3222 452 3287 viel
499 3223 648 3286 oder
694 3245 760 3286 80
809 3222 1005 3307 wem‘9
1051 3246 1112 3287 es
1158 3246 1288 3286 mm
1336 3222 1568 3287 einmal
1612 3244 1747 3285 war
1761 3218 1841 3283 2⁶⁹
1928 3220 2128 3299 Quam
2176 3220 2564 3286 Sententiam

218 3327 283 3393 in
355 3328 639 3394 editione
709 3347 901 3410 quam
971 3329 1112 3411 ipse
1181 3329 1432 3394 curavit
1500 3330 1745 3411 repetit
1812 3328 1937 3394 ita:
2015 3330 2350 3404 „Brevitas
2419 3328 2567 3392 libri

218 3436 475 3500 secundi
519 3458 592 3500 az·
623 3458 690 3501 eo
723 3437 1094 3521 explicanda
1123 3438 1382 3510 videtur,
1435 3438 1602 3523 quod
1630 3437 1777 3501 haec
1810 3437 2093 3500 carmina
2127 3447 2277 3522 post
2305 3446 2563 3499 mortem

213 3554 430 3628 poetae
477 3543 726 3608 collecta
781 3554 836 3608 et
891 3545 959 3607 in
1015 3544 1163 3607 libra·
1203 3544 1492 3629 formam
1547 3545 1799 3608 redacta
1854 3551 2037 3607 sunt“
2095 3542 2221 3624 (ed.
2258 3561 2321 3623 p.
2355 3539 2560 3622 XIII).

217 3651 302 3715 At
348 3667 469 3715 nos
516 3650 773 3731 quidem
822 3650 902 3715 de
949 3650 1233 3716 editione
1279 3650 1430 3715 libri
1477 3669 1516 3714 a
1564 3668 1689 3731 quo
1724 3648 1895 3716 facta
1926 3653 2101 3715 esset
2132 3666 2329 3731 supra
2360 3648 2564 3715 disse-

216 3756 493 3835 ruimus;
541 3756 706 3821 hanc
753 3757 956 3839 igitur
1003 3757 1464 3839 disputationis
1510 3762 1765 3839 partem
1810 3757 1939 3821 iam
1978 3755 2328 3821 mittamus,
2426 3754 2563 3821 Gri-

217 3865 384 3929 ticos
455 3868 673 3928 autem
743 3865 992 3945 opinor,
1066 3865 1237 3946 quod
1303 3863 1577 3945 epicedii
1648 3862 1946 3928 Ovidiani
2022 3862 2380 3928 sententias
2452 3878 2562 3927 eas

219 3974 343 4053 (vv.
381 3971 488 4034 31.
523 3971 636 4049 323
701 3972 803 4035 57.
844 3969 960 4054 58)
1006 3972 1086 4037 de
1133 3970 1362 4053 quibus
1410 3971 1658 4053 egimus
1691 3988 1818 4035 non
1849 3974 2024 4035 recte
2070 3972 2559 4052 perspexerunt,

220 4078 285 4142 id
351 4076 629 4158 maxime
698 4077 1037 4144 deduxisse
1095 4098 1171 4145 eo
1225 4083 1299 4142 ut
1362 4078 1829 4158 „brevitatem“
1880 4094 2134 4158 quoque
2182 4076 2561 4159 gravissime

223 4189 582 4265 carperent.
669 4182 797 4249 Sed
843 4184 949 4250 hic
995 4186 1103 4266 qui
1151 4186 1483 4250 incusatur
1531 4184 1811 4249 ambitus
1856 4183 2085 4263 minor,
2137 4202 2277 4248 cum
2325 4202 2443 4265 per
2489 4202 2559 4249 se

225 4290 556 4359 offensioni
603 4309 730 4355 non
780 4308 920 4355 esse
955 4292 1268 4375 videatur,
1319 4312 1468 4359 suas
1515 4293 1715 4359 habet
1746 4308 1973 4358 causas
2019 4291 2323 4373 nulloque
2370 4291 2557 4356 modo
