3075 5100
2416 387 2497 448 77

168 559 248 623 Et
289 560 457 624 dona
505 559 781 640 quidem,
816 576 980 640 quae
1013 559 1417 640 responsioni
1448 559 1827 640 inserviunt,
1868 579 2254 642 quamquam
2301 561 2501 643 pluri-

163 667 382 732 fariam
433 664 747 731 eiusmodi
803 671 954 731 sunt
1011 671 1085 731 ut
1139 665 1242 730 vel
1305 683 1541 747 genere
1596 665 1696 731 vel
1752 666 2027 732 materia
2083 669 2227 750 ipsa
2284 669 2500 751 aliqua

165 792 236 838 ex
277 777 470 855 parte
529 773 918 838 cohaereant
972 772 1261 854 (praeter
1317 777 1453 839 tres
1510 773 1659 838 illas
1718 773 1956 840 classes
2021 777 2367 841 170—223
2418 776 2493 843 cf.
2612 787 2627 800 ·

167 883 237 944 12
285 885 354 945 et
409 881 510 960 13,
560 880 644 944 43
679 885 746 946 et
791 882 878 944 44
910 879 1044 964 aL),
1094 880 1567 962 respiciendum
1602 884 1703 945 est
1748 899 1827 945 ea
1858 899 2111 962 quoque
2156 883 2286 964 legi
2333 901 2499 965 quae

159 987 330 1052 nulla
375 987 633 1052 ratione
679 985 1068 1052 cohaereant
1113 987 1240 1052 nisi
1286 1007 1384 1069 ea,
1448 988 1620 1070 quod
1676 987 1950 1052 alterum
1998 987 2233 1052 donum
2291 990 2498 1056 altero

157 1113 268 1176 per
313 1113 386 1159 se
434 1094 646 1174 ipsum
679 1093 936 1158 videtur
981 1093 1332 1176 pretiosius
1380 1113 1541 1162 esse.
1623 1095 1896 1160 Videtur
1944 1131 2027 1140 —
2078 1095 2239 1175 dico,
2290 1115 2497 1178 neque

158 1201 340 1280 enim,
393 1200 451 1264 si
497 1218 602 1265 res
651 1219 886 1282 genere
933 1200 1033 1266 vel
1081 1201 1357 1266 materia
1403 1221 1671 1284 prorsus
1719 1203 2013 1269 diversae
2062 1208 2491 1284 opponuntur,

156 1305 339 1372 facile
402 1311 505 1372 est
559 1312 778 1372 utrum
835 1308 1024 1373 vilius
1081 1308 1168 1373 sit
1224 1313 1442 1373 utrum
1487 1309 1839 1390 pretiosius
1898 1315 2073 1375 certe
2120 1309 2494 1376 diiudicatU.

154 1415 236 1480 Et
265 1433 656 1497 quamquam
689 1416 1043 1496 angustiaS,
1095 1433 1259 1497 quae
1306 1414 1424 1480 tali
1464 1416 1655 1481 modo
1688 1417 1909 1498 parari
1939 1416 2259 1496 videntur,
2307 1415 2497 1483 facile

155 1521 454 1605 effugeris
481 1523 535 1587 si
565 1524 828 1590 lacunas
860 1523 1049 1588 unius
1081 1522 1180 1587 vel
1210 1523 1490 1604 plurium
1523 1524 2037 1605 epigrammaton
2066 1524 2382 1605 posueris,
2411 1525 2493 1589 ad

154 1649 290 1694 eam
349 1636 571 1696 tamen
631 1631 948 1696 rationem
1008 1630 1316 1710 criticam,
1385 1648 1556 1713 quae
1601 1631 1830 1696 ultima
1900 1649 2154 1712 semper
2224 1635 2344 1711 est,
2414 1651 2496 1697 ne

153 1739 413 1820 saepius
444 1737 804 1820 refugiatur
837 1737 1187 1803 cavendum
1219 1754 1363 1802 esse
1395 1741 1574 1818 puto,
1623 1738 2008 1818 praesertim
2044 1738 2100 1804 si
2142 1738 2208 1802 id
2242 1757 2495 1820 quoque

152 1846 516 1927 respicitur,
567 1844 932 1910 Martialem
966 1863 1091 1909 non
1135 1861 1282 1909 raro
1331 1861 1437 1908 res
1485 1843 1585 1909 vel
1617 1861 1929 1924 personas
1976 1843 2150 1908 illius
2182 1846 2495 1926 temporis

152 1953 281 2017 sive
329 1950 623 2032 publicas
669 1951 806 2016 sive
837 1949 1126 2031 privatas
1174 1949 1407 2029 iocare,
1458 1968 1728 2031 quarum
1772 1949 2203 2032 cognitionem
2235 1951 2492 2033 plenam

151 2057 276 2122 iam
353 2076 484 2122 non
552 2057 892 2136 habemus3
974 2074 1098 2138 quo
1171 2053 1313 2121 fieri
1381 2060 1603 2138 potest
1648 2061 1739 2136 ut,
1812 2077 1976 2138 quae
2044 2056 2155 2123 ille
2226 2059 2493 2124 consilio

149 2163 320 2228 haud
353 2164 488 2229 scio
521 2182 603 2228 an
636 2169 811 2229 certo
846 2162 1308 2246 respondentia
1337 2160 1492 2229 fecit
1523 2163 2011 2246 epigrammata,
2059 2183 2174 2229 nos
2210 2166 2293 2230 ad
2340 2167 2494 2248 quid

151 2270 590 2351 spectaverint
635 2288 762 2335 non
809 2270 1269 2352 intelligamus.

325 2376 507 2441 Haec
554 2377 632 2441 de
688 2377 972 2442 universi
1026 2377 1178 2442 libri
1236 2377 1713 2443 condicionibus
1769 2377 2016 2459 placuit
2071 2378 2491 2459 praemittere

146 2488 216 2546 ut
263 2482 513 2548 minore
569 2483 952 2566 suspicione,
1012 2503 1176 2566 quae
1232 2485 1488 2568 quidem
1547 2488 1797 2567 spectet
1854 2484 1937 2550 ad
1992 2485 2280 2550 ordinem
2336 2504 2491 2568 apo-

146 2590 587 2672 phoretorum,
639 2592 718 2656 de
757 2610 843 2663 ‚ea
897 2597 1084 2673 parte
1141 2592 1293 2658 libri
1350 2593 1415 2656 in
1465 2611 1592 2674 qua
1645 2592 1886 2673 legitur
1934 2592 2137 2673 epigr.
2188 2593 2311 2656 193
2362 2593 2491 2658 dis-

146 2701 420 2762 seratur.

321 2803 814 2886 Epigrammata
890 2823 1054 2885 quae
1131 2805 1464 2887 pertinent
1541 2805 1624 2869 ad
1698 2804 1899 2871 libros
1978 2805 2325 2869 183-196
2397 2806 2490 2870 ita

144 2909 461 2992 inscripta
506 2916 682 2975 sunt:

150 3176 290 3239 183.
343 3174 612 3239 Homeri
695 3176 1192 3260 Batrachomyo-
1377 3176 1520 3263 184.
1571 3176 1885 3242 Homerus
1944 3180 2012 3242 in
2066 3178 2487 3263 puyillaribus

411 3281 675 3346 machia.
1636 3286 2033 3349 membranis.

149 3391 292 3455 185.
363 3388 594 3472 Veryili
641 3386 848 3453 Galea.
1375 3390 1521 3453 186.
1590 3390 1888 3474 Veryilius
1934 3393 2002 3453 in
2048 3394 2441 3457 membranis.

152 3498 292 3562 187.
353 3494 752 3579 Μενάνδρου
800 3496 985 3570 Θαῒς.
1376 3497 1519 3562 188.
1574 3495 1779 3561 Cicero
1826 3497 1894 3559 in
1941 3499 2340 3564 membranis,

148 3605 290 3667 189.
340 3602 734 3667 Monobiblos
781 3604 1098 3689 Properti.
1376 3605 1518 3667 190.
1580 3604 1749 3667 Titus
1763 3603 1985 3667 Livius
2000 3606 2068 3667 in
2086 3606 2483 3669 membranis.

149 3710 291 3773 191.
339 3709 694 3775 Sallustius.
1372 3712 1516 3775 192.
1570 3709 1755 3773 Ovidi
1812 3711 2343 3798 Metamorphoses
2418 3713 2487 3776 in

1634 3817 2033 3882 membranis.

643 3973 767 4062 (1))
1862 3975 1984 4064 (P)

152 4084 288 4148 193.
352 4082 653 4147 Tibullus.
1371 4086 1517 4149 194.
1566 4084 1886 4151 Lucanus.
2516 4127 2521 4133 ·

151 4190 289 4257 195.
344 4188 640 4257 Catullus.
1372 4192 1515 4256 196.
1571 4190 1743 4257 Calvi
1798 4195 1872 4259 de
1938 4216 2138 4280 aquae
2190 4192 2483 4277 frididae

1632 4323 1767 4363 umh-
