3075 5100
2446 344 2522 406 13

161 510 579 590 complexum
636 529 778 576 esse
837 517 904 576 et
959 513 1238 579 edidisse
1295 516 1670 596 priusquam
1730 516 1929 580 totius
1977 516 2128 581 libri
2176 518 2523 585 editionem

158 622 460 700 pararet,
512 617 842 684 effecerint
887 619 981 684 ita
1028 625 1102 684 ut
1146 620 1593 688 dubitantibus
1642 624 2127 704 persuaderent.

361 725 458 789 Ac
506 724 940 791 Baehrensius
963 725 1006 811 ¹)
1054 727 1309 808 quidem
1361 733 1581 793 censet
1622 727 1917 794 Ovidium
1966 730 2047 795 ad
2098 730 2339 812 elegias
2379 731 2529 796 libri

158 831 366 910 primi
418 831 766 897 Tibulliani
805 832 840 896 I
876 832 940 896 11
981 833 1076 897 III
1135 834 1284 914 (hoc
1331 834 1583 918 ordine)
1639 839 1772 901 tres
1830 837 1895 900 iu
1945 836 2199 901 Deliam
2248 838 2526 920 scriptas

160 937 602 1018 spectavisse;
676 937 795 1002 has
861 939 1032 1003 enim
1092 939 1412 1005 Tibullum
1477 942 1694 1023 lepido
1752 943 1970 1008 libello
2031 944 2525 1026 comprehensas

161 1061 469 1109 seorsum
517 1044 795 1109 edidisse
841 1049 914 1109 ut
959 1045 1026 1109 in
1073 1064 1144 1111 se
1193 1046 1535 1110 concinnas
1586 1053 1652 1111 et
1700 1048 1919 1113 orbem
1967 1053 2291 1132 tamquam
2342 1070 2523 1117 suum

163 1149 561 1216 efficientes,
658 1150 842 1227 Quod
899 1156 974 1215 ut
1031 1157 1205 1217 recte
1264 1153 1688 1219 diiudicemus
1748 1173 1895 1218 num
1947 1160 2100 1237 apte
2148 1157 2246 1222 vir
2295 1159 2522 1223 doctus

162 1258 473 1322 ordinem
525 1257 879 1338 elegiarum
913 1277 1077 1340 quae
1124 1260 1188 1322 in
1240 1259 1490 1323 Deliam
1523 1260 1806 1341 scriptae
1840 1267 1991 1326 sunt
2022 1265 2327 1329 statuerit
2357 1265 2525 1330 hunc

161 1363 196 1426 Ι
247 1363 321 1428 11
365 1364 464 1428 111
511 1365 597 1446 (V
626 1364 741 1446 VI)
781 1382 1045 1431 necesse
1094 1370 1196 1431 est
1225 1383 1630 1447 quaeramuS‚
1678 1371 1754 1430 ut
1800 1368 1971 1448 quod
2020 1386 2096 1432 ex
2141 1369 2263 1434 hoc
2299 1371 2524 1436 ordine

161 1470 285 1536 ille
338 1471 599 1553 collegit
630 1461 710 1535 ad
743 1488 968 1536 versus
1004 1470 1218 1536 Ovidii
1251 1472 1777 1553 interpretandos
1810 1465 2183 1540 refutemus
2262 1475 2525 1558 Iamque

165 1580 305 1644 etsi
376 1579 442 1643 in
513 1579 888 1645 ordinandis
945 1578 1046 1643 his
1106 1579 1330 1669 elegiis
1393 1584 1550 1662 quot
1610 1581 1823 1661 capita
1879 1584 1983 1645 tot
2040 1599 2265 1648 sensus
2322 1582 2522 1664 fuere,

161 1705 375 1750 unum
401 1684 847 1765 certissimum,
874 1685 1000 1751 nisi
1025 1684 1233 1766 fallor,
1269 1705 1394 1768 quo
1430 1686 1587 1751 ordo
1623 1685 1987 1768 definiatur,
2022 1692 2200 1754 recte
2230 1688 2524 1771 plerique

164 1793 459 1873 probare
512 1791 815 1856 videntur
876 1791 1045 1873 quod
1098 1792 1165 1858 in
1223 1811 1308 1857 cc.
1352 1793 1522 1857 1111
1569 1793 1759 1858 Delia
1812 1793 2005 1858 vidua
2054 1799 2181 1875 est,
2240 1814 2279 1860 a
2327 1790 2526 1861 divite

166 1903 469 1964 amatore
515 1899 773 1964 irretita
819 1899 887 1963 in
920 1899 995 1979 V,
1045 1903 1251 1980 nupta
1298 1899 1363 1963 in
1412 1898 1476 1962 11
1522 1898 1633 1962 VI.
1724 1897 2017 1980 Namque
2065 1901 2174 1981 qui
2224 1901 2304 1964 de
2354 1901 2525 1966 ordi-

166 2004 411 2068 nandis
466 2003 568 2068 his
631 2003 856 2086 elegiis
906 2004 1412 2086 desperaverunt
1460 2004 1579 2069 viri
1638 2004 1810 2069 docti
1857 2004 1959 2085 (cf.
1992 2024 2041 2070 s,
2076 2025 2139 2087 p.
2175 2008 2214 2070 8
2265 2026 2323 2071 n.
2364 2006 2431 2090 5)
2480 2009 2526 2071 ii

167 2112 258 2174 in·
294 2091 481 2176 s'uum
513 2129 697 2176 usum
744 2129 870 2176 non
913 2116 1091 2176 recte
1123 2111 1280 2174 mihi
1326 2111 1626 2176 videntur
1660 2112 2071 2192 convertisse,
2105 2113 2275 2194 quod
2307 2113 2528 2178 dicunt

167 2217 452 2283 moleste
499 2221 760 2297 praeter
807 2217 968 2282 alias
1015 2236 1120 2282 res
1152 2217 1307 2283 ferri
1342 2217 1513 2299 quod
1551 2217 1919 2299 nuptiarum
1955 2217 2178 2283 Deliae
2208 2217 2526 2302 nusquam

171 2330 410 2406 aperte
456 2323 698 2390 mentio
745 2322 863 2388 fiat
908 2323 1066 2404 (Leo
1099 2343 1160 2406 p.
1192 2323 1325 2408 20).
1406 2324 1590 2401 Quod
1622 2342 1812 2406 quam
1844 2342 2072 2405 parum
2103 2325 2319 2390 valeat
2350 2332 2526 2393 recte

172 2431 650 2496 demonstravit
705 2430 992 2496 Hillerus
1049 2431 1118 2512 (l.
1162 2431 1206 2494 l.
1249 2450 1310 2512 p.
1347 2431 1475 2496 815
1533 2435 1602 2495 et
1646 2432 1765 2512 n.);
1838 2431 1947 2513 qui
2005 2449 2387 2514 quamquam
2445 2435 2523 2499 de

170 2539 459 2605 historia
506 2557 565 2621 q.
598 2537 643 2603 f.
692 2558 981 2605 amorum
1030 2537 1285 2604 dubitat
1331 2537 1667 2620 aptissime
1698 2541 1915 2603 tamen
1962 2537 2057 2602 ita
2088 2539 2292 2604 sentit
2325 2539 2388 2623 (l.
2424 2539 2521 2623 l.):

175 2647 352 2721 „Rei
397 2648 508 2711 der
551 2646 856 2731 lebhaften
903 2648 1034 2709 und
1078 2646 1263 2731 tiefen
1295 2646 1749 2731 Empfinduny,
1802 2646 1899 2709 die
1944 2644 2015 2706 in
2046 2645 2164 2709 den
2196 2643 2525 2711 Gedichten

172 2754 482 2826 heo-recht,
541 2754 702 2817 wir-d
755 2776 905 2817 man
964 2752 1323 2836 weniystens
1381 2750 1568 2816 eoviel
1606 2751 1730 2836 fiir
1775 2749 2274 2815 wahrseheinlieh
2320 2753 2525 2817 halben

171 2860 429 2946 dciv-fen,
480 2860 618 2945 dass
666 2862 767 2924 die
814 2884 927 2923 aus
973 2861 1159 2924 ihnen
1205 2860 1334 2923 sich
1395 2858 1724 2943 eryebende
1755 2856 2155 2943 Anordnuny
2200 2859 2269 2923 in
2300 2860 2525 2925 Deliae

170 2968 460 3053 Stelluny
507 2968 617 3033 der
647 2968 1050 3032 Wzrklichkeit
1088 2966 1433 3052 entspraeh,
1482 2987 1659 3029 wenn
1692 2966 1847 3028 auch.
1876 2966 1943 3028 in
1975 2967 2086 3029 der
2110 2967 2526 3053 Behandlnny

169 3078 284 3141 des
333 3075 642 3139 einzelnen
688 3076 800 3139 der
829 3075 1092 3139 Dichter
1123 3074 1260 3159 frei
1303 3072 1636 3157 veo-falaren
1682 3073 1903 3137 konnte
1948 3073 2080 3136 und
2120 3074 2334 3158 yewzJss
2368 3075 2525 3139 auch

169 3184 508 3270 verfahren
553 3184 697 3248 ist.“
789 3179 1086 3247 Profecto
1133 3182 1239 3246 vix
1286 3180 1623 3263 quisquam
1671 3199 1873 3262 aeque
1920 3199 1959 3244 a
2007 3179 2257 3245 Tibullo
2304 3186 2523 3261 postu-

171 3290 416 3356 laverit
461 3295 535 3355 ut
579 3290 751 3355 vitae
801 3289 1208 3355 condiciones
1254 3288 1350 3353 ita
1396 3292 1471 3352 ut
1517 3292 1671 3353 sunt
1719 3288 1819 3353 vel
1850 3285 2113 3352 fuerunt
2144 3287 2525 3369 simpliciter

170 3396 513 3474 redderet;
548 3398 658 3478 qui
689 3402 764 3461 ut
787 3400 982 3477 poeta
1006 3396 1220 3461 omnia
1242 3399 1478 3477 poetae
1503 3413 1682 3461 more
1710 3392 2126 3476 amplificavit
2154 3399 2221 3459 et
2249 3396 2522 3483 ornavit.

177 3503 311 3569 Sed
358 3503 425 3567 id
456 3508 673 3567 tamen
707 3503 974 3568 credere
1007 3503 1310 3568 debemus
1345 3520 1489 3567 eum
1522 3502 1684 3566 nihil
1715 3501 2083 3582 inseruisse,
2132 3502 2303 3583 quod
2336 3501 2527 3567 rebus

176 3610 343 3691 ipsis
357 3610 460 3675 vel
478 3609 669 3691 plane
686 3609 786 3674 vel
803 3609 1078 3673 maxima
1092 3628 1168 3673 ex
1183 3612 1370 3689 parte
1391 3608 1704 3673 obstaret.
1754 3606 2047 3690 Namque
2066 3606 2225 3671 haec
2244 3608 2529 3671 carmina

178 3717 467 3799 quinque
514 3716 864 3783 verisimile
913 3720 1015 3780 est
1056 3735 1182 3780 non
1216 3716 1311 3780 ita
1351 3719 1424 3780 ut
1458 3714 1948 3797 cyclum-quarti
1980 3712 2130 3777 libri
2164 3711 2296 3794 (IV,
2326 3714 2527 3795 2—7)

176 3824 590 3890 notissimum
639 3842 765 3888 uno
813 3828 1039 3889 tenore
1086 3823 1329 3905 scripta
1377 3839 1520 3887 esse
1552 3840 1669 3887 nec
1700 3822 1781 3887 ab
1813 3821 1954 3901 ipso
1988 3818 2311 3884 scribendi
2340 3818 2526 3884 initio

184 3934 365 3995 certo
438 3931 704 3996 consilio
778 3930 1032 4013 digesta
1101 3927 1316 4014 esse²)
1385 3929 1502 3994 sed
1575 3946 1715 3992 cum
1772 3926 1966 3990 trium
2023 3924 2157 3989 fere
2214 3943 2527 3989 annorum

180 4034 835 4123 (724]30-726128)
890 4038 1300 4103 intervallum
1345 4035 1684 4119 explerent
1736 4033 1976 4098 litteris
2033 4050 2177 4099 esse
2222 4034 2529 4097 mandata

328 4176 376 4245 1)
412 4176 448 4233 l.
476 4176 510 4231 1.
541 4194 592 4245 p.
631 4180 854 4245 16—24,
891 4177 1157 4247 imprimis
1194 4193 1247 4245 p.
1275 4177 1344 4230 20
1370 4191 1453 4245 sq.

328 4264 376 4334 Β)
413 4265 497 4319 De
536 4282 736 4335 qua-re
773 4283 884 4322 non
917 4269 1068 4321 recte
1108 4266 1279 4319 sentit
1317 4264 1611 4334 GruppiuS,
1648 4262 1749 4319 1.1.
1774 4279 1827 4332 p.
1855 4264 1976 4319 266.
