3075 5100
2450 408 2537 472 83

191 585 502 666 quiratur‚
533 583 882 650 verisimile
915 601 1057 650 esse
1091 583 1384 650 existimo
1419 584 1785 650 Martialem
1816 584 1935 650 hos
1972 589 2281 666 quattuor
2326 585 2531 666 scrip-

187 695 358 756 tores
421 691 710 772 ipsorum
765 691 976 772 pretio
1037 692 1254 756 metiri
1309 691 1593 758 voluisse
1658 690 1879 771 itaque
1938 693 2049 773 qui
2109 691 2375 756 minoris
2434 691 2530 755 in-

187 798 357 877 genii
403 796 665 864 fuerunt
710 799 1004 880 pauperi,
1055 797 1163 879 qui
1196 797 1474 878 spectati
1505 796 1769 862 fuerunt
1816 815 1926 864 eos
1976 798 2162 864 diviti
2197 797 2531 862 tribuisse.

189 903 364 982 Quae
397 904 658 985 quidem
688 905 857 968 ratio
891 904 1100 986 qualis
1125 901 1342 982 fuerit,
1369 903 1426 968 si
1459 923 1589 970 non
1622 922 1698 968 ex
1722 905 1873 986 ipso
1905 896 2096 972 titulo
2135 905 2245 985 qui
2276 909 2537 986 poetam

187 1011 480 1076 nominat
525 1015 760 1091 ,tamen
833 1030 910 1076 ex
979 1011 1320 1076 sententiis
1391 1029 1557 1091 quae
1615 1011 1835 1076 insunt
1900 1012 1967 1076 in
2021 1011 2394 1076 hexametro
2469 1017 2541 1075 et

187 1121 592 1198 pentametro
627 1135 770 1180 cum
799 1115 1262 1197 probabilitate
1297 1117 1553 1182 videtur
1600 1137 1933 1199 apparere.
2011 1119 2267 1184 Etenim
2316 1135 2539 1199 quam-

191 1242 382 1304 quam
429 1221 617 1287 facile
665 1223 1040 1287 adducimur
1095 1228 1168 1288 ut
1213 1223 1697 1305 aequabilitatis
1742 1223 1987 1290 formae
2034 1225 2355 1290 rationem
2402 1224 2443 1288 i.
2480 1243 2535 1288 e.

191 1329 483 1394 ordinem
531 1329 654 1428 Q)
710 1329 852 1428 EP’
911 1329 1148 1410 quippe
1195 1331 1304 1410 qui
1364 1330 1514 1394 inde
1564 1349 1602 1394 a
1656 1332 1778 1395 183
1826 1351 2031 1413 usque
2080 1332 2161 1396 ad
2217 1333 2341 1396 192
2392 1349 2537 1395 con-

191 1441 445 1502 stanter
475 1441 786 1518 servetur,
837 1437 917 1500 ad
965 1437 1216 1518 reliqua
1261 1456 1515 1518 quoque
1564 1438 1732 1503 dona
1770 1440 2117 1515 193-196
2164 1437 2539 1518 referamuS‚

191 1549 409 1610 tamen
458 1544 515 1608 si
561 1544 943 1625 respicimus
993 1543 1148 1625 quid
1195 1548 1528 1610 nascatur:

700 1684 818 1770 (P)
1928 1685 2049 1772 (n)

199 1793 344 1860 193.
407 1793 700 1884 Tibullus.
1427 1793 1572 1858 194.
1623 1792 1942 1857 Lucanus.

198 1899 343 1963 195.
399 1898 688 1963 Catullus,
1428 1901 1571 1966 196.
1627 1897 1800 1964 Calvi
1866 1901 1941 1963 de
2010 1923 2209 1986 aquae
2256 1901 2543 1986 friyidae
2657 1957 2664 1964 .

1630 2029 1765 2072 usu.

195 2111 566 2177 dubitemus
637 2117 912 2193 oportet.
1031 2111 1185 2189 Quis
1258 2112 1426 2175 enim
1489 2112 1839 2177 crediderit
1899 2113 2224 2177 Lucanum
2286 2118 2545 2194 poetam

191 2218 582 2283 mediocrem
631 2239 669 2283 a
709 2218 1010 2283 Martiale
1055 2218 1261 2299 pluris
1313 2219 1605 2283 habitum
1650 2237 1791 2284 esse
1826 2219 2078 2285 Tibullo
2122 2220 2541 2302 lepidissime,

82 2355 85 2364 ·
195 2323 378 2389 Calvi
459 2341 715 2391 carmen
795 2325 1112 2406 quoddam
1195 2325 1605 2408 (didacticum
1675 2325 1951 2408 videtur)
2021 2327 2225 2408 pluris
2308 2325 2545 2391 Catulli

192 2430 365 2496 libro
402 2444 594 2496 verae
623 2451 894 2514 poeseos
940 2432 1362 2513 plenissimo?
1423 2434 1498 2497 In
1544 2433 1647 2498 his
1694 2433 1951 2514 quidem
2002 2434 2262 2514 optime,
2315 2435 2543 2514 opinor

197 2538 626 2620 cognoscitur,
679 2560 802 2621 quo
835 2540 1004 2605 ratio
1052 2539 1315 2605 lacunas
1350 2541 1698 2622 statuendi,
1750 2560 1914 2623 quae
1949 2560 2089 2607 cum
2142 2541 2267 2605 192
2302 2541 2383 2605 ad
2422 2539 2545 2605 193

196 2680 276 2691 -—-
293 2665 427 2710 non
450 2651 626 2711 recte
641 2684 722 2694 -
739 2648 1102 2712 rettulisset
1117 2648 1465 2728 cogebatur
1485 2649 1610 2711 195
1624 2648 1704 2712 ab
1728 2650 1851 2712 196
1875 2649 2233 2731 seiungere,
2255 2648 2546 2713 deducat.

195 2753 288 2816 Ac
337 2751 618 2833 primum
667 2754 942 2833 quidem,
992 2758 1066 2819 ut
1113 2772 1191 2818 ex
1237 2752 1365 2818 fine
1413 2754 1670 2818 initium
1720 2756 1987 2836 capiam,
2036 2755 2127 2819 nil
2174 2754 2297 2819 fuit·
2342 2756 2547 2835 magis

197 2863 702 2923 consentaneum
717 2878 906 2940 quam
923 2859 1270 2925 ut-Gatullo
1289 2860 1476 2943 (195)
1495 2860 1725 2927 Calvus
1745 2862 1929 2943 (196)
1949 2866 2384 2942 opponeretur
2399 2880 2413 2940 3
2434 2854 2553 2942 qui'

197 2966 573 3046 scriptores,
626 2984 766 3029 cum
802 2968 1041 3031 eisdem
1075 2966 1212 3032 fere
1253 2967 1652 3049 temporibus
1684 2966 1925 3033 fuerint
1955 2968 2018 3031 in
2054 2968 2279 3032 eodem
2312 2986 2546 3049 genere

196 3069 526 3137 scribendi
582 3074 828 3138 versati
896 3074 1027 3138 sint
1085 3075 1166 3138 ab
1223 3074 1496 3139 Horatio
1546 3074 1887 3156 Propertio
1942 3074 2167 3140 Ovidio
2216 3074 2361 3139 aliis
2410 3092 2549 3139 sae-

196 3180 348 3260 pius
411 3178 579 3243 alter
627 3197 766 3243 cum
818 3181 1024 3246 altero
1073 3181 1342 3261 laudati,
1394 3187 1528 3244 tam
1576 3179 1835 3246 finitimi
1882 3180 2082 3246 fuisse
2128 3181 2429 3246 videntur
2475 3188 2551 3245 ut

196 3286 533 3366 segregari
580 3284 716 3350 fere
762 3306 889 3351 non
939 3283 1283 3370 possent1).
1381 3286 1509 3351 Cur
1557 3288 1757 3370 igitur
1799 3288 1907 3370 qui
1940 3293 2171 3353 natura
2205 3288 2551 3353 cohaerent

192 3410 320 3473 per
389 3392 515 3455 vim
562 3411 995 3475 segregemuS‚
1056 3394 1444 3475 praesertim
1503 3412 1644 3459 cum
1708 3396 2104 3460 extrinsecus
2151 3395 2244 3459 nil
2293 3395 2551 3459 obstet?

198 3499 630 3581 Opponuntur
710 3504 1016 3581 quattuor
1095 3506 1411 3582 poetae,
1491 3521 1691 3583 quare
1764 3486 2230 3583 quodammodo
2297 3500 2549 3565 facilius

200 3611 304 3671 est
353 3624 518 3686 quae
563 3607 850 3672 rationes
919 3606 1092 3671 inter
1163 3607 1451 3690 singulos
1508 3610 1915 3675 intercedant
1970 3609 2031 3674 11.
2074 3610 2118 3673 l.
2185 3609 2549 3674 discernere

199 3731 394 3794 quam
444 3731 640 3795 supra
686 3715 858 3779 inter
903 3719 1133 3795 poetas
1181 3718 1247 3779 et
1293 3715 1656 3781 historicos.
1753 3716 1889 3780 Iam
1937 3715 2193 3796 quidem
2225 3716 2550 3780 Lucanum

198 3820 414 3885 minus
485 3826 708 3901 aptum
778 3838 920 3887 esse
991 3822 1103 3902 qui
1173 3820 1428 3887 Catullo
1499 3828 1868 3903 opponatur
1924 3841 2115 3903 quam
2176 3822 2437 3888 Calvum
2484 3824 2551 3889 in

199 3930 508 4008 promptu
557 3930 674 4005 est,
735 3944 852 3991 nec
898 3927 1282 3993 statuissent
1330 3929 1396 3991 in
1447 3929 1837 3994 contrariam
1884 3936 2135 4011 partem
2184 3930 2307 3993 viri
2356 3930 2548 4009 docti,

199 4034 329 4098 nisi
399 4034 700 4113 opinione
760 4033 1004 4097 ordinis
1060 4035 1306 4098 turbati
1369 4040 1434 4099 et
1480 4034 1770 4099 lacunosi
1819 4035 1994 4099 ducti
2042 4042 2272 4100 essent.
2374 4036 2556 4113 Quod

203 4141 259 4205 si
311 4144 557 4204 certum
607 4146 706 4205 est
753 4136 1078 4207 Catullum
1123 4146 1189 4205 et
1221 4140 1484 4205 Calvum
1535 4142 1790 4206 omnino
1838 4142 2003 4206 bene
2051 4142 2222 4206 inter
2269 4160 2338 4207 se
2388 4162 2555 4207 com-

353 4315 398 4384 1)
435 4315 504 4369 cf.
534 4331 673 4385 quae
713 4315 938 4383 collegit
975 4314 1291 4405 TeuffeliuS,
1329 4316 1378 4371 R
1405 4316 1449 4370 L
1479 4315 1581 4371 G.4
1617 4333 1669 4388 p.
1699 4320 1821 4385 414,
1861 4318 2037 4386 §2133
2066 4320 2113 4373 7.

2163 4417 2231 4471 6*
