3075 5100
2452 339 2529 402 21

358 514 481 578 His
551 517 770 579 autem
841 515 1153 595 expositis
1217 521 1401 596 patet
1465 515 1741 596 criticOS‚
1808 514 2275 580 Baehrensium
2340 516 2534 598 plane

177 639 420 704 magna
467 641 548 686 ex
592 625 780 702 parte
830 620 1244 703 Schultzium‚
1311 641 1388 687 ea
1449 641 1705 706 quoque
1764 624 1845 687 de
1902 640 2097 690 causa
2152 623 2218 686 in
2280 642 2533 688 errores

182 730 498 794 deductos
549 746 691 794 esse
738 729 907 811 quod
954 729 1345 796 sententiam
1403 742 1458 794 et
1513 731 1644 792 iant
1704 741 1761 794 te
1804 731 2101 816 principe
2160 742 2338 794 notus
2400 741 2532 795 erat

181 837 268 902 ad
339 837 702 915 Augustum
772 836 1131 917 principem
1210 840 1529 900 senatus
1609 835 1840 900 referri
1907 836 2132 918 utique
2202 836 2527 903 volebant.

181 943 370 1020 Quod
403 943 456 1006 Si
489 942 1115 1022 interpretabantur:
1176 942 1454 1006 Tibullus
1475 944 1855 1033 psiusqvcam
1886 942 2205 1028 Auyustus
2236 945 2533 1030 princeps

181 1061 452 1129 sectatae,
504 1050 542 1113 i.
583 1068 636 1115 e.
675 1067 729 1113 a.
772 1045 1040 1135 726128,
1072 1051 1260 1135 fieret
1306 1051 1436 1112 iam
1483 1061 1663 1114 notus
1710 1062 1846 1115 erat
1891 1050 2104 1117 facere
2160 1069 2289 1116 non
2344 1056 2531 1132 pote-

179 1162 337 1222 rant
406 1157 561 1238 quin
632 1157 710 1220 de
767 1159 936 1220 toto
997 1156 1185 1236 libro,
1260 1175 1447 1239 quem
1517 1161 1666 1238 post
1738 1164 2113 1224 autumnum
2172 1177 2229 1224 a.
2282 1155 2528 1246 727227

183 1264 431 1328 editum
477 1280 620 1328 esse
666 1281 794 1328 non
842 1255 1248 1344 ignorabant,
1301 1263 1673 1329 dubitantes
1708 1266 1790 1330 ad
1836 1265 2148 1346 singula
2196 1265 2535 1330 carmina

184 1389 478 1434 seorsum
527 1369 702 1435 edita
749 1373 1138 1451 spectarent.
1221 1369 1348 1435 Sed
1395 1387 1536 1436 cum
1587 1372 1914 1437 docuerim
1960 1384 2141 1436 notus
2189 1383 2321 1436 erat
2366 1371 2533 1437 hanc

183 1478 794 1559 interpretationem
841 1496 968 1542 non
1001 1475 1192 1557 ferre,
1244 1476 1487 1541 clarum
1520 1476 1597 1542 fit
1628 1483 1989 1560 temporum
2024 1479 2277 1544 ratione
2307 1479 2532 1543 habita

185 1585 266 1648 de
313 1588 634 1649 senatus
682 1583 974 1664 principe
1008 1583 1282 1664 cogitari
1328 1602 1456 1649 non
1487 1603 1701 1666 posse.
1782 1584 1936 1651 Loci
1970 1590 2185 1650 autem
2220 1590 2530 1666 tenorem,

186 1696 259 1756 ut
283 1690 618 1772 attigimus
648 1709 712 1770 p.
747 1693 846 1770 12,
883 1689 1240 1756 videbimus
1272 1691 1628 1774 principem
1674 1691 1809 1754 κατ’
1841 1691 2074 1776 ἐξοχὴν
2106 1693 2147 1756 i.
2177 1713 2228 1759 e.
2258 1693 2535 1774 impera-

191 1803 400 1863 torem
467 1795 782 1878 flagitare.
901 1797 1030 1864 Sed
1103 1799 1418 1879 quomodo
1469 1797 1883 1864 difficultates
1940 1799 2007 1863 in
2057 1817 2216 1881 quas
2275 1798 2529 1864 etiamsi

185 1906 382 1970 hunc
429 1905 859 1985 principatum
905 1906 947 1969 i.
983 1924 1037 1970 e.
1073 1924 1130 1968 a.
1169 1902 1414 1990 727127
1450 1906 1798 1989 probamus
1841 1906 2125 1971 incidere
2156 1907 2533 1972 videbamur

185 2014 262 2096 (s,
298 2032 363 2094 p.
404 2013 512 2094 12)
563 2012 1028 2078 dissolvamus?

362 2119 681 2201 Equidem
728 2119 806 2183 de
855 2118 975 2184 hac
1020 2138 1091 2183 re
1139 2120 1234 2185 ita
1267 2120 1504 2184 sentio:
1569 2119 1799 2202 Ovidii,
1852 2135 1993 2184 cum
2024 2120 2186 2184 haec
2219 2119 2534 2186 scriberet

188 2228 460 2307 Augusti
497 2228 774 2292 animum
824 2227 1257 2308 mitigaturuS,
1307 2245 1436 2291 non
1483 2226 1549 2290 id
1596 2226 1913 2292 intererat
1960 2231 2033 2291 ut
2078 2246 2203 2308 quo
2236 2232 2529 2309 tempore

187 2333 424 2399 Tibulli
468 2333 634 2398 liber
681 2335 925 2415 primus
975 2335 1188 2399 editus
1237 2338 1410 2400 esset
1456 2334 1675 2414 itaque
1709 2334 2099 2399 innotuisset
2132 2335 2214 2399 ad
2246 2353 2531 2400 mensem

186 2445 256 2504 et
325 2441 494 2505 diem
567 2446 864 2506 accurate
922 2440 1240 2508 definiret.
1337 2441 1422 2506 Et
1481 2441 1893 2522 interpreteS,
1953 2441 2077 2507 nisi
2140 2459 2365 2506 sensus
2428 2461 2531 2507 me

185 2546 378 2629 fallit,
427 2548 572 2629 plus
607 2566 813 2630 aequo
860 2550 926 2613 in
977 2550 1226 2615 duobus
1270 2548 1373 2613 his
1421 2548 1718 2614 versibus
1749 2549 2095 2615 haerentes
2130 2550 2343 2634 (quasi
2379 2550 2529 2616 Ovi-

186 2656 333 2721 dius
403 2655 496 2719 nil
563 2656 687 2720 nisi
758 2654 991 2721 Tibulli
1062 2656 1376 2721 librorum
1436 2661 1733 2737 tempora
1799 2657 2122 2737 respicere
2188 2656 2527 2741 voluisset)

186 2762 421 2845 quibus
470 2761 549 2827 de
598 2762 808 2827 causis
843 2761 1108 2827 Ovidius
1157 2764 1238 2827 ad
1285 2764 1451 2828 hanc
1499 2763 1893 2827 sententiam
1942 2782 2107 2846 quae
2158 2768 2412 2845 spectat
2442 2765 2524 2829 ad

185 2868 426 2933 Tibulli
498 2870 782 2934 carmina
849 2870 944 2934 ita
1012 2867 1354 2935 formatam
1428 2870 1658 2934 ductus
1720 2874 1893 2935 esset
1958 2888 2268 2950 quaerere
2336 2870 2528 2951 plane

182 2974 630 3056 neglexerunt.
709 2976 848 3040 Hoc
890 2980 1104 3040 autem
1138 2976 1411 3057 primum
1461 2978 1810 3042 tenendum
1858 2981 1960 3042 est
2006 2996 2083 3041 ex
2132 2995 2333 3059 eoque
2380 2997 2529 3057 pro-

179 3080 620 3163 ficiscendum,
685 3082 924 3147 etenim
971 3082 1026 3147 si
1077 3082 1239 3148 hanc
1284 3085 1380 3149 rei
1429 3102 1741 3149 summam
1783 3089 1960 3149 recte
2008 3085 2524 3174 perspexerimus

179 3188 314 3251 iam
361 3188 616 3270 singula
663 3208 790 3270 qua
837 3190 1091 3255 ratione
1139 3190 1355 3274 posita
1401 3191 1534 3255 sint
1565 3189 1815 3255 facilius
1849 3190 2305 3273 intelligemus
2388 3192 2524 3255 Iam

177 3296 462 3376 primum
507 3295 682 3361 haud
726 3297 1069 3378 ignorabat
1103 3296 1368 3362 Ovidius
1418 3316 1472 3361 a.
1513 3293 1755 3383 727s27
1807 3298 2071 3364 ineunte
2105 3298 2527 3363 Octavianum

178 3402 440 3466 nomine
472 3402 750 3484 Augusti·
792 3407 1091 3468 ⁸vocatum
1141 3422 1284 3482 esse
1331 3404 1552 3486 itaque
1602 3423 1849 3470 summa
1882 3424 2150 3471 munera
2181 3407 2221 3471 i.
2261 3424 2295 3469 e
2348 3406 2523 3487 prin-

179 3509 470 3590 cipatum
518 3516 652 3569 uaz'
698 3507 930 3593 ἐξοχὴν
979 3515 1046 3575 et
1093 3528 1510 3593 quaecunque
1561 3513 1642 3576 ad
1689 3509 1853 3577 hanc
1902 3512 2289 3595 dignitatem
2321 3514 2521 3594 perti—

175 3614 426 3680 nebant
470 3620 833 3697 potestates
867 3617 1098 3683 adisse.
1171 3617 1363 3682 Haud
1396 3618 1741 3699 ignorabat
1772 3622 1907 3683 tum
1944 3618 2265 3685 Tibullum
2301 3621 2522 3686 eodem

173 3740 350 3787 anno
409 3724 824 3804 (quamquam
872 3742 1102 3789 novem
1157 3722 1291 3788 fere
1351 3725 1678 3790 mensibus
1727 3728 1902 3806 post)
1950 3725 2185 3790 librum
2243 3727 2521 3808 primum

175 3826 484 3893 edidisse.
579 3829 807 3911 Itaque
856 3830 1060 3911 ipsius
1109 3831 1408 3913 illiusque
1457 3836 1667 3897 sortes
1719 3832 2008 3897 diversas
2058 3851 2134 3897 ea
2181 3851 2311 3915 qua
2360 3834 2521 3897 dixi-

174 3952 322 3999 mus
372 3953 569 4015 supra
601 3938 856 4001 ratione
899 3938 989 4021 (p.
1034 3938 1142 4021 10)
1184 3944 1256 4002 ut
1299 3944 1705 4020 compararet
1748 3939 1849 4003 vel
1893 3945 2267 4021 opponeret,
2308 3958 2521 4005 recor-

171 4043 371 4105 datus
405 4044 784 4123 Augustum‚
823 4063 964 4110 cum
1010 4044 1224 4111 laesus
1275 4051 1468 4126 esset,
1510 4046 1822 4127 principis
1864 4050 2191 4127 potestate
2236 4048 2522 4127 graviter

165 4168 360 4214 usum
423 4164 564 4213 esse
618 4151 686 4214 in
751 4152 1022 4232 ipsum,
1087 4152 1152 4217 in
1211 4152 1432 4216 illum
1477 4172 1607 4217 non
1665 4153 1853 4218 modo
1911 4153 2118 4219 lenius
2167 4154 2282 4217 sed
2328 4153 2519 4218 bene-

169 4256 615 4322 volentissime
673 4276 741 4322 se
798 4260 1097 4342 gessisse,
1154 4265 1448 4325 movetur
1502 4280 1577 4325 eo
1634 4261 1804 4341 quod
1859 4260 2106 4326 sciebat
2160 4261 2521 4343 Augustum
