3075 5100
2500 302 2580 363 57

229 476 607 542 vicesimum
689 477 968 560 ageret¹)
1039 495 1302 542 uxorem
1375 476 1654 557 duxisse,
1700 476 2061 542 ‚Messalini
2133 477 2395 543 maioris
2464 476 2582 544 filii

227 604 469 650 annum
519 585 806 650 natalem
853 584 1133 667 priorem
1181 589 1414 666 putare
1462 601 1653 666 quam
1705 580 1951 670 712142
1998 604 2126 649 non
2173 583 2327 649 licet
2372 585 2465 649 ita
2512 592 2585 651 ut

226 711 282 756 a.
322 687 578 777 730124
629 691 1208 757 duodevicesimum
1257 708 1511 770 annum,
1560 685 1837 755 fortasse
1895 693 2091 757 etiam
2139 690 2333 773 paulo
2380 692 2583 757 mino-

224 817 384 879 rem,
439 799 653 881 egisse
700 795 1084 884 videatur’).
1181 794 1519 862 Consulem
1568 801 1783 862 autem
1830 796 1972 862 fieri
2022 817 2163 864 cum
2212 802 2403 863 antea
2456 819 2583 864 non

224 906 462 970 liceret
508 906 635 970 nisi
668 910 777 989 qui
822 905 1255 991 quadraginta
1300 909 1436 967 tres
1485 921 1689 968 annos
1738 908 1927 968 natus
1963 902 2191 989 erat³)‚
2226 908 2448 970 notum
2484 911 2586 972 est

230 1013 518 1094 Augusti
566 1016 966 1097 temporibus
1016 1011 1418 1078 consulatum
1464 1008 1616 1073 huic
1642 1011 1843 1075 aetati
1877 1030 2003 1076 non
2040 1012 2167 1076 iam
2202 1013 2583 1077 adstrictum

223 1119 431 1185 fuisse
482 1140 693 1204 neque
741 1141 890 1187 raro
939 1140 1048 1186 eos
1098 1119 1208 1204 qui
1254 1117 1527 1200 triginta
1560 1135 1762 1182 annos
1796 1119 1933 1184 nati
1968 1126 2156 1184 erant
2188 1119 2308 1185 hoc
2342 1119 2584 1185 honore

225 1225 494 1292 affectos
544 1247 706 1295 esse.
828 1228 1063 1294 Consul
1111 1226 1312 1309 igitur
1359 1225 1569 1290 factus
1617 1230 1719 1289 est
1766 1225 2154 1291 Messalinus
2216 1226 2581 1309 duodequa-

227 1335 539 1416 draginta
610 1354 814 1400 annos
885 1340 1076 1400 natus
1133 1372 1212 1379 —
1265 1332 1367 1398 vel
1437 1331 1631 1414 paulo
1704 1332 1928 1397 minor.
2046 1333 2212 1398 Nam
2285 1333 2352 1397 hi
2424 1353 2582 1416 quos

229 1442 426 1506 attuli
476 1442 555 1507 de
614 1448 830 1509 aetate
889 1444 1027 1507 eius
1087 1441 1238 1506 anni
1299 1441 1733 1519 coniciuntur3
1794 1437 1983 1504 facile
2045 1440 2173 1505 iam
2236 1441 2585 1506 crediderit

230 1549 376 1631 quis
427 1569 574 1614 eum
623 1569 678 1615 a.
722 1549 970 1635 730s24
1019 1549 1243 1633 paucis
1293 1549 1478 1614 annis
1525 1548 1895 1612 minorem
1951 1567 2144 1631 quam
2192 1545 2578 1628 significavi-

227 1675 372 1721 mus
421 1654 658 1737 fuisse3
717 1657 1082 1722 maiorem
1141 1661 1358 1721 autem
1404 1654 1750 1720 Messallae
1812 1653 2013 1718 filium
2071 1659 2208 1719 tum
2266 1652 2472 1720 fuisse
2526 1656 2584 1720 si

231 1763 470 1828 ommia
517 1782 682 1846 quae
733 1763 923 1829 attuli
968 1763 1406 1845 respiciuntur
1453 1761 1802 1828 verisimile
1849 1780 1975 1826 non
2036 1767 2153 1828 est.
2270 1761 2582 1843 Explora-

228 1876 368 1934 tum
424 1871 555 1934 iam
609 1870 834 1935 haberi
889 1875 1125 1952 potest,
1177 1889 1230 1934 a.
1283 1865 1529 1957 73ol24
1580 1867 2131 1934 adulescentulum
2180 1888 2323 1935 eum
2382 1868 2581 1934 fuisse

231 1978 343 2060 qui
391 1996 520 2041 non
568 1976 770 2042 multo
818 1983 967 2042 ante
1017 1982 1235 2058 togam
1282 1977 1532 2043 virilem
1580 1977 1897 2042 induerat.

412 2084 597 2162 Quod
630 2085 685 2149 si
731 2084 1261 2150 verisimillimum
1313 2089 1413 2148 est
1460 2083 1733 2164 elegiam
1780 2083 1838 2148 V
1884 2101 1941 2146 a.
1971 2084 2221 2174 730s24
2271 2084 2578 2165 scriptam

231 2210 376 2257 esse
432 2192 734 2274 primum,
794 2196 928 2255 tum
987 2210 1064 2255 ex
1118 2209 1231 2256 sex
1288 2191 1514 2273 elegiis
1574 2209 1738 2274 quae
1785 2189 1907 2255 hoc
1954 2190 2118 2255 libro
2168 2191 2580 2255 continentur

229 2298 407 2363 ultra
438 2297 609 2364 hunc
641 2316 873 2363 annum
921 2298 1272 2381 procedere
1322 2298 1585 2380 nullam,
1636 2299 1914 2382 denique
1962 2298 2136 2362 credi
2182 2317 2309 2362 non
2360 2302 2579 2380 potest

227 2410 494 2488 poetam
529 2405 842 2489 Glycerae
877 2405 1137 2486 elegiam,
1174 2425 1333 2488 quas
1366 2413 1518 2472 ante
1546 2426 1601 2472 a.
1642 2407 1888 2481 731s23
1925 2405 2254 2471 docuimus
2302 2405 2577 2486 scriptas

229 2531 393 2592 esse,
469 2511 651 2595 prius
712 2531 1093 2595 componere
1151 2514 1440 2597 coepisse
1500 2533 1689 2598 quam
1747 2513 1983 2580 librum
2032 2512 2381 2578 secundum
2430 2530 2576 2578 con-

227 2622 497 2688 fecisset
527 2625 595 2685 et
628 2621 958 2701 edidisset,
1008 2639 1388 2702 persuasum
1435 2622 1772 2687 habuerim
1822 2622 2165 2687 editionem
2215 2621 2355 2702 ipso
2407 2638 2574 2685 anno

230 2726 486 2816 730124
537 2734 822 2793 curatam
873 2745 1034 2810 esse,
1084 2730 1469 2810 praesertim
1519 2748 1659 2794 cum
1709 2750 1791 2795 ne
1838 2748 1955 2811 per
2001 2747 2070 2793 se
2121 2728 2377 2811 quidem
2425 2746 2573 2808 pro-

228 2838 424 2901 betur
481 2834 717 2899 librum
767 2836 1134 2915 secundum,
1194 2837 1387 2918 paulo
1435 2842 1777 2920 postquam
1836 2837 2080 2919 primus
2130 2832 2455 2901 confectus
2510 2839 2578 2899 et

229 2946 448 3011 editus
483 2948 583 3009 est
627 2942 996 3009 inchoatum
1043 2947 1240 3026 atque
1287 2944 1495 3024 ipsum
1531 2944 1794 3009 dimidio
1830 2941 1965 3009 fere
1998 2943 2331 3022 minorem,
2368 2942 2574 3007 maius

226 3051 544 3133 temporis
593 3051 872 3134 spatium
919 3051 1031 3116 illo
1083 3050 1458 3132 explevisse.

375 3245 422 3315 1)
458 3245 542 3299 De
580 3246 762 3300 aetate
807 3244 1048 3298 virorum
1096 3245 1190 3313 qui
1235 3260 1458 3299 uxorem
1505 3245 1782 3299 ducebant
1828 3244 1897 3299 cf.
1927 3260 2064 3314 quae
2113 3243 2349 3297 contulit
2386 3242 2576 3297 Fried-

226 3334 520 3390 laenderus
557 3334 643 3388 vir
677 3333 1116 3401 humanissimus,
1155 3334 1522 3402 Sittengesch.
1548 3336 1731 3403 Roms,
1774 3338 1827 3387 1ο
1851 3351 1904 3404 p.
1932 3336 2035 3389 463
2071 3331 2271 3401 (³414).

370 3422 419 3495 2)
455 3422 848 3481 Adulescentia
869 3439 977 3476 non
1004 3422 1232 3477 offendit
1256 3424 1305 3477 si
1331 3424 1635 3493 cogitamus
1670 3421 2111 3479 adulescentulos
2137 3437 2429 3489 generosos
2467 3436 2575 3476 non

228 3530 353 3568 raro
402 3511 724 3582 praesertim
762 3513 1069 3569 sacerdotia
1113 3516 1229 3567 tum
1275 3513 1483 3569 iniisse.
1523 3512 1592 3566 cf.
1636 3512 1977 3582 Marquardt,
2030 3512 2185 3566 Rom.
2228 3510 2605 3565 Staatsverw..

229 3603 301 3659 32
398 3604 558 3657 ,381.

302 3643 317 3671 '
355 3619 414 3760 Ρ3)
451 3690 680 3760 Excipio
737 3690 1046 3761 Scipionem
1099 3692 1386 3757 maiorem,
1441 3692 1779 3761 Pompeium,
1836 3690 1991 3759 alioS,
2048 3705 2181 3759 quos
2238 3691 2427 3743 notum
2492 3691 2578 3742 est

229 3783 386 3834 ante
425 3795 552 3834 suos
589 3795 760 3835 annos
799 3780 1020 3835 summis
1059 3781 1470 3849 magistratibus
1506 3781 1726 3834 functos
1766 3796 1900 3834 osse.
