3075 5100
509 389 592 452 74

508 585 652 633 esse
722 567 836 632 sed
905 565 1302 648 argumentis
1367 565 1530 648 ipsis
1600 566 1842 648 optime
1909 565 2192 647 probari.
2258 603 2336 612 —
2405 565 2630 648 Neque
2703 585 2869 633 vero

505 675 817 740 habemus
876 672 1043 755 quod
1102 672 1294 738 huius
1347 672 1498 737 libri
1548 673 1836 738 carmina
1884 674 2198 755 quaedam
2245 674 2517 756 periisse
2567 673 2868 756 suspice-

507 779 742 864 mur1).
834 779 1092 845 Etenim
1137 779 1297 844 haec
1357 799 1611 862 quoque
1669 781 2037 846 coniectura
2092 801 2169 846 ex
2240 799 2315 845 eo
2388 779 2641 845 videtur
2710 785 2869 844 orta

509 907 669 969 esse,
721 888 890 970 quod
935 891 1175 953 statum
1219 886 1369 951 libri
1401 905 1592 968 quem
1623 887 1932 954 habemus
1964 887 2360 953 inconditum
2394 893 2459 952 et
2489 887 2868 969 impolitum

509 1013 650 1061 esse
699 993 1148 1077 opinabantur.
1226 994 1407 1072 Quod
1440 995 1698 1076 quidem
1722 995 1845 1059 hoc
1888 995 2028 1061 loco
2058 1014 2188 1060 non
2220 993 2530 1074 refellam,
2581 994 2867 1076 elegias—

508 1121 632 1185 que
702 1101 991 1182 singulas
1047 1121 1237 1183 quam
1297 1101 1720 1184 politissimas
1778 1120 1920 1166 esse
1978 1107 2043 1168 et
2092 1102 2382 1169 consulto
2430 1120 2469 1165 a
2514 1107 2713 1183 poeta
2763 1103 2866 1166 di-

508 1215 724 1292 gestas
794 1207 1036 1291 publici
1102 1208 1262 1274 iuris
1328 1207 1607 1273 faciente
1677 1227 1779 1274 me
1844 1209 2429 1275 demonstraturum
2500 1207 2866 1273 Tibullum-

509 1335 633 1398 que
702 1316 1070 1381 criticorum
1141 1315 1513 1380 criminibus
1569 1316 1992 1382 liberaturum
2050 1334 2271 1399 spero,
2342 1320 2417 1381 ut
2478 1316 2609 1380 dixi
2654 1317 2737 1398 (s.
2794 1336 2862 1398 p.

509 1426 594 1488 26
641 1443 702 1490 n.
759 1424 845 1505 1),
895 1421 1076 1488 alias.

686 1530 823 1595 Hoc
871 1534 1086 1596 autem
1132 1529 1271 1600 loco
1317 1530 1383 1595 id
1431 1530 1593 1594 satis
1640 1528 1858 1612 habui,
1905 1534 1981 1595 ut
2028 1548 2105 1594 ex
2148 1528 2359 1594 Ovidii
2408 1527 2699 1610 epicedio
2750 1528 2863 1592 Ti-

506 1638 667 1704 bulli
712 1636 947 1703 librum
993 1637 1341 1702 secundum
1390 1636 1470 1701 ab
1520 1635 1805 1716 elegiaco
1854 1637 1995 1718 ipso
2030 1636 2273 1702 editum
2307 1653 2449 1701 esse
2481 1635 2861 1716 colligerem

509 1750 577 1810 et
643 1745 1029 1810 brevitatem
1077 1743 1234 1825 eiuS,
1294 1763 1486 1826 quam
1531 1743 1654 1808 viri
1712 1744 1883 1809 docti
1938 1743 2349 1822 incusabant,
2417 1742 2609 1806 rebus
2685 1761 2861 1823 quae

507 1853 730 1918 insunt
775 1849 1202 1918 defenderem.
1300 1852 1481 1930 Quod
1528 1852 1585 1917 si
1634 1853 1754 1932 eie,
1828 1852 1937 1933 qui
1994 1851 2224 1915 harum
2270 1869 2484 1916 rerum
2529 1867 2633 1914 me
2681 1850 2861 1931 peri-

509 1960 708 2024 tiores
778 1964 955 2040 sunt,
1027 1960 1163 2026 sive
1231 1959 1424 2041 plane
1493 1960 1631 2024 sive
1687 1978 1763 2024 ex
1819 1963 2008 2040 parte
2069 1963 2143 2022 ut
2187 1956 2646 2039 persuaderem
2694 1957 2861 2021 mihi

509 2065 874 2148 contigerit,
924 2085 1160 2149 operae
1206 2066 1487 2148 pretium
1535 2086 1727 2148 quam
1772 2066 2121 2132 maximum
2168 2065 2433 2130 videbor
2480 2064 2753 2146 cepisse.

650 2295 696 2364 1)
732 2295 927 2351 muer.
964 2295 1065 2352 1.1.
1095 2312 1143 2364 p.
1171 2297 1275 2352 353
1312 2312 1364 2351 n.
1398 2300 1442 2349 l.
