3075 5100
2430 363 2513 426 33

155 539 428 602 miratio
495 538 936 620 memoriaque
1002 538 1170 619 quod
1239 537 1342 602 vel
1398 555 1500 602 res
1556 537 1719 602 bene
1776 538 2051 624 gesserit
2114 538 2216 604 vel
2274 539 2517 620 scripta

155 645 366 725 digna
414 645 696 725 posteris
753 644 1092 726 reliquerit
1137 663 1326 725 quam
1384 643 1806 710 disertissime
1862 645 2270 725 pronuntiari
2326 646 2513 711 solet.

154 749 342 814 Luce
387 749 591 831 igitur
624 755 725 816 est
772 750 1008 815 clarius
1051 767 1108 813 a.
1147 747 1392 834 735l19
1427 770 1555 816 non
1603 752 1791 816 modo
1828 750 2125 815 Ovidium
2170 752 2287 817 sed
2320 753 2517 818 etiam

154 856 446 921 lectores
505 856 790 936 scivisse,
843 855 1162 919 Tibullum
1210 855 1646 937 compluribus
1704 856 2093 922 carminibus
2140 856 2391 922 Deliam
2451 864 2517 924 et
2606 849 2609 854 ’
2661 887 2670 894 -

155 962 496 1027 Nemesim
563 962 942 1028 celebrasse.
1063 961 1375 1026 Notitiam
1433 966 1649 1027 autem
1706 981 1833 1027 non
1894 966 2200 1043 poterant
2254 963 2380 1028 nisi
2438 983 2515 1029 ex

153 1069 351 1136 libris
419 1069 611 1136 editis
677 1069 896 1151 itaque
963 1069 1123 1134 satis
1180 1069 1581 1150 pervulgatis
1642 1087 1913 1136 sumere.
2032 1067 2287 1133 Etenim
2343 1070 2517 1136 inter

159 1179 410 1255 „nota“
463 1195 628 1259 quae
673 1176 889 1241 vocari
937 1175 1149 1240 solent
1195 1180 1262 1239 et
1313 1176 1571 1255 „edita“
1622 1177 1907 1240 carmina
1952 1194 2145 1257 quam
2190 1194 2317 1241 non
2364 1176 2517 1242 lice-

154 1289 265 1346 ret
345 1283 710 1348 discernere
775 1301 974 1364 supra
1052 1282 1460 1362 exposuimus
1541 1285 1629 1362 (p.
1682 1285 1755 1345 11
1804 1282 2001 1364 sqq.);
2076 1282 2304 1363 quodsi
2375 1284 2515 1366 ipse

155 1389 437 1456 Ovidius
487 1390 834 1454 carminum
883 1388 1034 1452 libri
1081 1388 1342 1452 secundi
1391 1388 1738 1452 Tibulliani
1792 1389 2165 1470 priusquam
2215 1390 2517 1456 ederetur

153 1501 346 1561 totus
405 1514 524 1562 nec
580 1495 808 1561 habuit
860 1495 1159 1559 notitiam
1215 1511 1333 1558 nec
1379 1495 1597 1575 potuit
1651 1493 1909 1573 habere,
1980 1495 2257 1564 lectores
2310 1497 2513 1563 multo

152 1603 380 1669 minus
411 1601 714 1670 habuisse
749 1602 990 1666 clarum
1023 1606 1141 1666 est.
1214 1599 1410 1664 Novit
1441 1605 1657 1664 autem
1706 1600 1971 1666 Ovidius
2018 1600 2254 1667 librum
2287 1621 2512 1670 secun-

155 1710 339 1787 dum,
389 1712 704 1774 noverunt
751 1724 990 1771 omnes.
1084 1706 1223 1770 Hoc
1279 1705 1480 1786 igitur
1525 1707 1637 1788 qui
1682 1712 1897 1788 negat,
1948 1725 2093 1772 eum
2140 1727 2257 1774 nec
2304 1708 2514 1776 Ovidii

153 1817 525 1882 sententias
581 1815 674 1879 ita
720 1818 793 1879 ut
849 1813 1258 1894 exposuimus
1317 1813 1689 1879 coniunctas
1760 1820 1937 1879 recte
2006 1815 2378 1897 perspicere
2447 1817 2513 1882 in

152 1927 470 2004 promptu
503 1925 604 1988 est
635 1925 700 1986 et
731 1921 793 1984 in
829 1920 1166 2002 angustias
1191 1938 1471 1987 summas
1503 1920 1752 1986 venire:
1788 1940 1936 1985 nam
1970 1921 2024 1985 si
2056 1939 2220 1988 unus
2248 1921 2512 1989 Ovidius

151 2029 468 2095 notitiam
521 2028 856 2094 habuisset
916 2026 1369 2108 „Nemeseos“,
1419 2015 1662 2092 nullam
1726 2028 1784 2092 ei
1842 2028 1951 2109 qui
2019 2028 2141 2094 hoc
2185 2028 2509 2110 legebant,

150 2154 394 2202 vereor
461 2153 542 2199 ne
591 2134 747 2216 quid
809 2133 1005 2199 vellet
1062 2132 1327 2199 Ovidius
1375 2134 1665 2202 scribens
1722 2136 1853 2209 „sic
1898 2135 2183 2200 Nemesis
2239 2137 2507 2222 Comum,

153 2245 252 2306 sic
301 2242 496 2307 Delia
541 2264 764 2305 nomen
809 2241 1154 2304 habebunt“
1205 2241 1462 2306 omnino
1509 2260 1639 2307 non
1684 2242 2080 2308 intellecturi
2125 2242 2448 2325 fuerint1).

346 2346 794 2428 Compluribus
842 2348 1024 2414 annis
1071 2353 1222 2429 post
1268 2347 1390 2412 hoc
1449 2349 1781 2430 epicedion
1841 2348 2197 2415 confectum
2247 2350 2511 2416 Ovidius

154 2458 475 2538 quattuor
545 2455 991 2536 elegiacorum‚
1066 2473 1227 2536 quos
1296 2461 1518 2520 notum
1592 2465 1694 2522 est
1762 2458 2021 2538 saepius
2090 2457 2211 2521 hoc
2284 2457 2508 2523 ordine

157 2563 672 2643 commemorari,
751 2562 922 2627 Galli
997 2562 1233 2628 Tibulli
1305 2562 1631 2644 Propertii
1710 2565 1913 2645 ipsius
1990 2583 2241 2629 amores
2318 2584 2509 2646 quam

159 2670 325 2736 clari
369 2669 528 2734 facti
581 2669 714 2735 sint
769 2669 1158 2735 carminibus
1213 2677 1400 2735 vocat
1445 2670 1544 2735 ita
1590 2672 1754 2751 (Art.
1802 2677 2070 2738 amator.
2114 2670 2230 2749 111,
2272 2689 2331 2737 v.
2380 2671 2507 2734 535

156 2779 362 2861 sqq.):

561 2906 674 2947 nos
705 2884 987 2969 facimus
1023 2882 1298 2967 placitae
1345 2882 1465 2947 late
1501 2885 1849 2968 praeconia
1878 2884 2167 2970 formae.-

645 3013 869 3055 nomen
914 2989 1092 3054 habet
1136 2989 1441 3069 Nemesis,
1495 2989 1754 3075 Qqnthia
1800 3013 2022 3055 nomen
2067 2990 2277 3054 habet:

555 3120 768 3183 vesper
813 3108 868 3161 et
913 3119 1052 3161 eoae
1100 3118 1318 3162 novere
1363 3097 1687 3182 Lycorida
1732 3109 1963 3162 terrae.-

647 3215 703 3267 εἰ
747 3204 944 3282 multi,
995 3226 1153 3289 quae
1199 3204 1277 3267 sit
1321 3215 1537 3267 nostra
1587 3202 1879 3279 Corinna,
1929 3216 2169 3288 royant.

337 3310 482 3376 Hoc
528 3311 668 3376 loco
718 3308 1018 3376 Ovidium
1064 3314 1360 3390 spectare
1418 3310 1500 3373 ad
1558 3312 1843 3376 carmina
1900 3310 2095 3393 edita,
2154 3311 2195 3374 i.
2228 3329 2283 3375 e.
2320 3309 2385 3373 in
2431 3308 2507 3371 li-

153 3420 427 3483 brorum
472 3415 712 3482 formas
759 3416 1043 3495 redacta,
1091 3420 1165 3479 ut
1211 3415 1484 3480 aliorum
1531 3421 1872 3497 poetarum
1919 3418 2013 3481 ita
2058 3415 2292 3481 Tibulli
2345 3414 2508 3494 „Ne-

153 3525 428 3591 mesim“
505 3528 760 3589 constat
825 3527 891 3587 et
957 3521 1244 3589 Hillerus
1308 3540 1563 3603 quoque
1628 3523 1806 3605 (1.1.)
1868 3523 2181 3588 concedit.
2295 3522 2508 3603 Atque

153 3632 324 3697 utile
358 3636 478 3711 est,
527 3628 682 3711 quid
727 3628 985 3695 intersit
1029 3629 1200 3693 inter
1245 3629 1362 3694 hos
1409 3648 1633 3695 versus
1683 3636 1749 3694 et
1796 3630 2065 3711 epicedii
2115 3647 2225 3696 eos
2259 3630 2337 3693 de
2370 3629 2511 3710 qui-

154 3740 282 3803 bus
330 3737 772 3814 disseruimus»,
822 3735 1208 3816 intelligere.
1289 3734 1744 3818 Compluribus
1778 3737 1960 3803 annis
1992 3742 2143 3817 post
2176 3734 2509 3817 epicedion

156 3844 280 3909 hos
329 3843 606 3924 scriptos
655 3860 796 3907 esse
845 3841 1004 3906 dixi:
1062 3861 1338 3925 namque
1395 3862 1781 3927 quamquam
1838 3862 1963 3925 quo
2023 3861 2190 3907 anno
2240 3841 2507 3907 Ovidius

157 3959 297 4017 tres
358 3950 538 4014 Artis
602 3949 955 4013 amatoriae
1015 3950 1214 4015 libros
1287 3949 1622 4030 scripserit
1692 3955 1757 4014 et
1828 3949 2105 4014 ediderit
2165 3948 2506 4027 nescimuS,

157 4049 478 4124 terminus
539 4060 753 4121 tamen
821 4061 972 4121 ante
1042 4074 1230 4137 quem
1297 4056 1458 4120 haec
1514 4056 1713 4121 editio
1773 4060 1995 4121 curata
2052 4060 2153 4121 est
2209 4059 2389 4120 extat
2446 4073 2505 4121 a.

305 4288 350 4357 ¹)
385 4286 505 4339 Hoc
541 4300 654 4338 non
691 4284 824 4337 satis
861 4284 1102 4354 respexit
1137 4282 1505 4338 Baehrensius
1545 4283 1602 4353 (1.
1634 4283 1671 4337 1.
1697 4300 1751 4352 p.
1776 4284 1880 4353 48).
