3075 5100
480 347 572 408 44

479 522 689 590 officio
720 522 972 588 functas
1007 524 1128 607 (vv,
1163 525 1245 586 47
1271 560 1322 569 -
1345 522 1454 602 58)
1487 522 1725 586 Tibulli
1754 539 1975 588 versus
2006 522 2153 604 plus
2200 521 2487 586 minusve
2536 525 2823 606 exscrip-

483 632 664 710 sisse,
699 631 1081 695 monendum
1115 635 1214 696 est
1263 629 1669 694 condiciones
1718 634 1906 710 aptas
1954 647 2120 710 quae
2165 629 2290 693 huc
2338 628 2821 695 transferantur
2890 633 2895 640 ’

479 740 544 802 in
592 737 758 801 libro
806 736 1082 802 secundo
1118 735 1478 801 Tibulliano
1525 736 1737 801 nullas
1769 735 1905 801 fere
1938 739 2159 800 extare
2199 771 2268 778 -—
2312 735 2437 800 nisi
2470 737 2614 817 quis
2648 737 2829 802 dicat

480 844 630 908 libri
684 845 946 909 secundi
1005 844 1247 924 elegias
1306 843 1616 924 quasdam
1686 843 2091 909 intercidisse
2162 840 2259 924 (cf.
2295 863 2359 924 p.
2398 843 2524 922 74).
2642 843 2828 921 Quod

480 969 620 1015 cum
655 950 904 1032 negari
961 969 1087 1015 non
1143 949 1351 1032 possit
1407 949 1703 1014 existimo
1762 947 2139 1014 Teuffelium
2198 948 2335 1030 (1.1.
2372 969 2435 1030 p.
2471 951 2631 1030 470)
2679 949 2830 1015 libi-

479 1059 692 1124 dinem
740 1056 1137 1122 coniectandi
1186 1056 1332 1138 plus
1366 1074 1571 1136 aequo
1604 1057 1805 1137 sequi,
1855 1073 1995 1120 cum
2044 1055 2367 1121 disserens
2414 1056 2494 1120 de
2526 1057 2827 1122 versibus

479 1185 639 1247 quos
667 1164 932 1230 Ovidius
959 1182 1036 1228 ex
1064 1163 1314 1227 Tibullo
1348 1162 1796 1244 exscripsisset
1831 1162 2097 1227 adiciat:
2136 1163 2529 1245 „ausser-dem
2564 1164 2827 1246 (nempe

477 1271 712 1336 librum
769 1270 1068 1352 primum)
1127 1270 1281 1333 noch
1334 1269 1421 1331 im
1480 1269 1881 1354 allyemeinen
1938 1271 2037 1333 die
2085 1269 2345 1354 Eleyien
2406 1271 2511 1346 des
2565 1271 2825 1335 zweiten

477 1379 786 1444 Buches“.
882 1377 1021 1442 Hoc
1067 1381 1282 1442 autem
1314 1376 1488 1440 nullo
1535 1376 1724 1440 modo
1771 1376 2199 1442 demonstrari
2245 1381 2463 1457 potest
2510 1411 2593 1420 -—
2644 1378 2823 1458 equi-

480 1486 624 1550 dem
686 1483 932 1549 frustra
989 1479 1256 1550 conatus
1313 1502 1454 1548 sum
1510 1487 1585 1547 ut
1639 1483 1993 1548 invenirem
2050 1483 2116 1546 in
2178 1481 2467 1563 epicedio
2525 1484 2697 1564 quod
2744 1503 2824 1550 ex

480 1591 718 1656 Tibulli
777 1590 927 1655 libri
985 1590 1248 1655 secundi
1307 1589 1530 1672 elegiis
1585 1590 1887 1654 haustum
1944 1607 2087 1654 esse
2135 1587 2351 1670 aliqua
2399 1605 2539 1653 cum
2586 1591 2825 1671 proba-

475 1697 730 1764 bilitate
762 1702 1029 1778 putetur
1048 1693 1095 1780 ¹)
1160 1734 1226 1742 —-
1279 1697 1534 1778 iamque
1565 1695 1795 1761 melius
1843 1695 1966 1761 fuit
2011 1695 2266 1760 omnino
2311 1713 2439 1760 non
2488 1697 2820 1777 conicere;

480 1823 628 1869 nam
684 1804 845 1869 talia
891 1805 959 1868 in
1016 1804 1386 1870 universum
1433 1805 1608 1870 dicta
1653 1808 1905 1869 tantum
1954 1803 2141 1868 abest
2184 1806 2260 1866 ut
2306 1802 2550 1884 aliquid
2596 1803 2825 1869 iuvent

476 1916 551 1975 ut
581 1911 882 1976 damnum
913 1911 1108 1976 etiam
1155 1910 1438 1978 inferant
1485 1929 1708 1992 eaque,
1759 1927 1924 1992 quae
1954 1928 2150 1991 super
2194 1909 2450 1974 modum
2498 1909 2628 1974 iam
2675 1929 2824 1992 per-

478 2018 741 2086 turbata
787 2023 956 2099 sunt,
1005 2018 1212 2099 magis
1258 2017 1592 2099 magisque
1640 2017 2089 2098 permisceant.

658 2124 784 2190 Sed
839 2126 1094 2190 omnino
1154 2161 1234 2192 -,-
1292 2125 1413 2189 hoc
1471 2119 1787 2190 siimmum
1836 2128 1937 2188 est
1982 2159 2065 2170 —
2114 2123 2243 2186 iam
2299 2127 2635 2190 teneamus
2685 2143 2825 2190 cer-

475 2238 692 2297 tamen
747 2232 909 2297 illud
964 2233 1155 2313 plane
1209 2230 1429 2297 fictum
1487 2249 1659 2309 esse3
1722 2230 1959 2295 etenim
2005 2229 2073 2293 in
2118 2229 2240 2294 hac
2286 2247 2359 2292 re
2405 2229 2825 2297 diiudicanda

477 2343 721 2420 quanta
777 2338 989 2404 cautio
1045 2356 1307 2404 necesse
1367 2339 1452 2403 sit
1509 2336 1897 2403 adhibeatur
1953 2337 2141 2400 testis
2198 2341 2379 2400 extat
2424 2355 2463 2400 a
2511 2356 2638 2417 quo
2688 2357 2825 2403 mo-

477 2465 746 2511 neamur
776 2446 1109 2526 DissenuS,
1159 2445 1256 2510 vir
1305 2445 1384 2510 de
1418 2443 1656 2508 Tibulli
1704 2443 2053 2508 carminum
2102 2443 2529 2524 explicatione
2577 2445 2823 2525 optime

481 2533 770 2626 meritus,
833 2553 942 2635 qui
1000 2557 1218 2616 tamen
1274 2572 1400 2618 non
1464 2570 1613 2617 raro
1668 2552 1735 2616 in
1798 2551 1995 2615 miros
2054 2568 2305 2615 errores
2354 2551 2601 2616 incidit.
2697 2553 2821 2631 Qui

477 2659 648 2741 quod
678 2659 745 2723 in
777 2659 900 2724 hac
944 2679 1198 2743 quoque
1243 2678 1315 2725 re
1365 2660 1442 2724 de
1491 2663 1673 2724 recta
1722 2658 1825 2724 via
1868 2657 2062 2739 plane
2111 2658 2441 2722 aberravit
2487 2677 2562 2723 eo
2611 2660 2821 2741 magis

476 2766 680 2846 dole0‚
752 2767 920 2849 quod
970 2768 1248 2832 omnium
1307 2768 1639 2831 doctorum
1694 2766 1975 2830 virorum
2033 2765 2143 2846 qui
2204 2766 2283 2830 de
2342 2764 2495 2828 libri
2550 2765 2819 2830 secundi

478 2873 757 2938 editione
815 2874 1058 2955 aliquid
1120 2873 1357 2939 litteris
1414 2872 1881 2937 mandaverunt
1935 2872 2182 2954 primus
2241 2870 2308 2935 id
2364 2875 2538 2935 recte
2590 2872 2815 2951 sensit,

475 2997 698 3045 versus
732 2979 944 3045 Ovidii
995 2981 1121 3063 (31.
1152 2981 1259 3063 32)
1309 2980 1391 3045 ad
1438 2980 1651 3045 edita
1698 2996 1895 3060 opera
1942 2978 2272 3060 pertinere
2322 2976 2814 3060 (l.l.p.XX11);

618 3206 664 3275 1)
697 3208 946 3279 Namque
987 3209 1220 3278 epicedii
1256 3224 1444 3262 versus
1489 3210 1570 3262 17.
1605 3209 1693 3262 18:

1013 3308 1069 3348 at
1105 3299 1242 3349 sacri
1275 3308 1411 3349 vates
1447 3308 1492 3347 et
1529 3298 1693 3348 divum
1730 3314 1851 3347 cura
1888 3312 2142 3346 vocamur.-

1084 3397 1195 3437 sunt
1231 3387 1378 3439 etiam
1417 3388 1507 3452 qui
1542 3406 1628 3437 nos
1664 3404 1833 3437 numen
1871 3386 2048 3436 habere
2080 3395 2264 3449 putent,

473 3472 702 3526 Ovidius
731 3476 861 3527 'cum
900 3474 1164 3528 scriberet
1199 3490 1327 3527 num
1363 3474 1682 3528 recordatus
1720 3474 1793 3527 sit
1830 3473 1948 3527 Tib.
1979 3472 2057 3539 ΙΙ,
2086 3474 2137 3539 5,
2174 3475 2270 3528 113
2300 3488 2407 3541 sq.:

1042 3574 1098 3615 at
1134 3575 1184 3614 tu
1221 3566 1353 3629 (nam
1391 3565 1555 3615 divum
1591 3574 1755 3614 servat
1792 3563 1941 3613 tutela
1972 3564 2169 3630 poetas)

1103 3670 1414 3718 praemoneo,
1455 3654 1561 3703 vati
1588 3669 1757 3717 parce,
1790 3651 1975 3716 puella,
2012 3669 2173 3714 sacro,

475 3756 800 3811 quamquam
849 3740 1154 3795 sententiae
1203 3739 1510 3794 simillimae
1557 3742 1685 3793 sunt
1738 3754 1846 3791 non
1902 3738 2035 3791 satis
2096 3742 2303 3792 certum
2353 3738 2552 3808 habeo;
2611 3740 2811 3793 etenim

472 3830 602 3884 talis
649 3831 922 3884 sententia
958 3832 1070 3882 divi
1106 3842 1282 3897 poetas
1336 3840 1524 3882 tuentur
1571 3828 1705 3883 adeo
1744 3833 1969 3896 accepta
2006 3829 2092 3880 est
2138 3826 2513 3896 scriptoribus,
2562 3829 2627 3881 ut
2663 3828 2811 3881 credi

472 3935 580 3972 non
626 3904 1094 3988 possit'Ovidium
1141 3934 1204 3971 ex
1241 3918 1458 3972 Tibullo
1505 3918 1560 3972 h.
1587 3917 1625 3970 l.
1654 3916 1917 3970 hausisse.
2010 3914 2242 3968 Omnino
2290 3916 2347 3968 in
2393 3915 2595 3970 talibus
2648 3918 2811 3987 (quae

471 4008 809 4061 imitationes
861 4039 923 4045 —
973 4008 1297 4077 praesertim
1351 4006 1536 4060 Ovidii
1574 4037 1641 4047 -
1682 4021 1794 4058 non
1846 4006 1998 4057 recte
2054 4004 2239 4057 vocari
2286 4003 2487 4073 nolent)
2542 4004 2810 4073 analogiis

473 4095 869 4163 investigandis
907 4095 1168 4148 audacius
1207 4095 1386 4148 critici
1424 4096 1631 4148 versari
1679 4092 1957 4156 vident-un
2000 4091 2070 4145 cf.
2100 4093 2136 4148 i.
2170 4110 2223 4162 p.
2253 4094 2339 4161 50,
2368 4109 2420 4148 n.
2442 4095 2493 4147 2.
2583 4094 2813 4147 Praeter

474 4184 615 4238 hanc
655 4187 836 4238 autem
873 4184 1196 4251 sententiae,
1236 4200 1373 4253 quae
1427 4183 1611 4253 aliquo
1650 4182 1807 4235 modo
1847 4181 2133 4251 quibusvis
2183 4181 2311 4234 libri
2362 4181 2587 4235 secundi
2624 4182 2810 4235 Tibul-

481 4273 615 4327 liani
655 4271 1034 4342 respondeant,
1072 4272 1130 4325 in
1170 4271 1419 4341 epicedio
1456 4287 1564 4326 non
1601 4271 1875 4339 leguntur.
