3075 5100
934 1221 1747 1352 Appendix

1067 1409 1172 1492 (cf.
1205 1429 1268 1492 p.
1309 1411 1389 1474 67
1439 1429 1501 1475 n.
1542 1408 1631 1494 1.)

165 1673 296 1756 De
349 1673 795 1757 Martialis
851 1675 1128 1778 epigr.
1183 1673 1426 1798 XIV,
1481 1675 1633 1757 193
1689 1673 1927 1777 quod
1984 1675 2516 1759 inscribitur

1075 1831 1626 1940 „Tibullus“.

217 2101 226 2108 .
347 2050 735 2130 Priusquam
783 2049 866 2114 ad
910 2049 1120 2130 ipsum
1169 2049 1568 2130 epigramma
1608 2049 1733 2112 193
1767 2047 2131 2130 aggrediar,
2180 2065 2388 2129 pauca
2435 2048 2515 2114 de

167 2155 650 2222 condicionibus
698 2155 1018 2222 Martialis
1074 2156 1223 2222 libri
1283 2157 1499 2238 quarti
1557 2155 1787 2222 decimi
1842 2155 2317 2236 praemittenda
2372 2173 2515 2222 esse

165 2263 488 2330 videntur.

345 2369 786 2452 Apophoreta,
836 2387 1000 2450 quae
1048 2370 1169 2434 hoc
1217 2368 1382 2434 libro
1433 2370 1864 2450 continentur,
1914 2387 2043 2451 qua
2088 2369 2339 2435 ratione
2388 2368 2515 2434 dis-

166 2477 383 2559 posita
441 2477 575 2542 sint
630 2477 790 2542 satis
848 2480 1119 2558 constat,
1194 2495 1335 2541 cum
1394 2482 1591 2559 poeta
1660 2477 1801 2560 ipse
1878 2475 2100 2559 paucis
2167 2476 2233 2540 in
2304 2475 2515 2541 fronte

167 2585 545 2667 exposuerit
590 2583 718 2649 his:
1542 2585 1547 2589 '

343 2690 516 2771 XIV,
574 2693 628 2771 1,
681 2691 718 2753 5
767 2708 894 2772 sq.:

596 2798 802 2861 divitis
849 2798 1122 2861 alternas
1169 2809 1223 2861 et
1258 2800 1567 2884 pauperis
1614 2801 1821 2885 accipe
1866 2811 2090 2865 sortes.-

676 2905 974 2990 praemia
1021 2905 1304 2969 convivae
1349 2907 1494 2970 dent
1541 2931 1655 2970 sua
1700 2909 1957 2993 quisque
2001 2931 2129 2971 suo,

343 3009 434 3073 Et
479 3008 640 3075 haec
687 3011 945 3092 quidem
993 3011 1160 3075 dona
1207 3030 1372 3092 quae
1418 3013 1673 3078 initium
1722 3014 1985 3096 capiunt
2042 3014 2190 3079 inde
2246 3012 2328 3078 ab
2378 3014 2511 3094 epi·

165 3120 526 3196 grammate
565 3118 603 3181 3
638 3118 853 3183 divitis
901 3119 1337 3200 pauperisque
1385 3137 1502 3200 per
1550 3123 1759 3185 totum
1802 3120 2039 3185 librum
2084 3119 2511 3201 generatim

168 3222 426 3305 digesta
483 3240 626 3289 esse
673 3242 712 3287 a
757 3230 954 3306 poeta
1007 3224 1357 3290 verisimile
1414 3231 1534 3305 est,
1592 3227 1979 3308 praesertim
2037 3245 2178 3292 cum
2234 3226 2383 3291 inde
2430 3225 2511 3289 ab

167 3330 371 3413 epigr.
422 3332 548 3395 170
603 3349 808 3412 usque
869 3332 950 3396 ad
1009 3336 1364 3397 extremum
1424 3333 1551 3397 223
1611 3332 1741 3397 tria
1808 3352 2048 3417 genera
2112 3332 2270 3398 satis
2324 3312 2511 3397 'clare

167 3441 517 3519 segregata
586 3436 1034 3520 (artificiorum
1105 3440 1473 3520 170--182,
1542 3438 1853 3505 librorum
1918 3441 2285 3521 183—196‚
2347 3456 2510 3521 quae

163 3544 246 3608 ad
295 3544 556 3608 domum
602 3545 934 3626 pertinent
986 3544 1370 3630 197—223)
1421 3545 1593 3610 tradi
1652 3550 1897 3628 pateat.
1990 3545 2128 3611 Iam
2175 3545 2511 3629 quaeritur

164 3668 318 3715 num
360 3651 570 3715 adhuc
600 3649 742 3715 fieri
780 3653 1008 3734 possit,
1051 3658 1126 3718 ut
1161 3653 1315 3720 bina
1349 3653 1518 3719 dona
1566 3672 1731 3735 quae
1763 3655 1888 3721 sibi
1920 3653 2360 3735 respondeant
2392 3672 2509 3735 per

166 3760 376 3822 totum
424 3757 659 3821 librum
707 3757 961 3841 digesta
1007 3750 1214 3843 primo
1265 3760 1495 3827 obtutu
1527 3761 1957 3827 inveniantur.
2040 3759 2224 3838 Quod
2269 3777 2509 3842 negare

166 3863 494 3931 debemus.
568 3864 826 3929 Etenim
875 3885 1017 3932 cum
1049 3869 1301 3933 numeri
1351 3872 1416 3933 et
1447 3868 1732 3933 universi
1778 3867 1929 3931 libri
1960 3866 2509 3949 apophoretorum

167 3969 488 4052 (3—223)
535 3976 622 4051 et,
671 3976 746 4037 ut
790 3991 999 4055 pauca
1046 3975 1338 4058 exempla
1385 3973 1649 4040 afferam
1698 3994 1733 4040 e
1780 3973 2019 4054 multiS,
2070 3992 2147 4039 ex
2196 3973 2509 4038 classibus

166 4076 378 4142 tribus
427 4096 587 4158 quas
620 4078 877 4144 laudavi
925 4082 1090 4147 duae
1138 4082 1549 4165 (170—1823
1605 4082 1981 4165 197—223)
2028 4081 2309 4161 impares
2357 4080 2507 4159 sint,

169 4184 545 4249 sumendum
597 4190 699 4249 est
748 4191 860 4250 aut
892 4192 1172 4269 poetam,
1223 4189 1394 4271 quod
1438 4188 1506 4253 in
1554 4188 1765 4270 primo
1804 4189 2270 4271 epigrammate
2315 4186 2508 4268 polli-

169 4291 334 4355 citus
408 4296 567 4373 erat,
631 4312 749 4373 per
796 4298 1001 4358 totum
1056 4295 1290 4361 librum
1340 4315 1466 4361 non
1524 4296 1717 4378 plane
1773 4296 2198 4379 praestitisse,
2262 4299 2374 4359 aut
2442 4294 2509 4358 in
