3075 5100
2434 357 2519 420 35

147 527 340 590 ciant
397 530 475 589 ut
531 529 872 604 utrumque
925 522 1162 588 librum
1219 525 1346 588 iam
1407 527 1658 607 pridem
1714 529 1779 593 in
1840 529 2165 609 publicum
2223 532 2515 611 prodisse

143 633 516 695 videantur
565 649 835 706 sumere,
893 629 1112 711 aliqua
1171 651 1246 696 ex
1309 640 1497 712 parte
1554 633 1775 700 valent
1828 636 1910 700 ad
1968 653 2189 702 versus
2248 639 2519 719 epicedii

145 739 336 821 (ipso
388 757 563 802 anno
600 737 848 820 735s19
881 737 1134 817 scripti)
1169 739 1275 818 qui
1313 744 1613 819 spectant
1660 742 1741 805 ad
1778 743 2111 821 „Deliam“
2150 747 2217 809 et
2256 745 2520 822 „Neme-

144 845 323 908 sim“
383 844 618 924 editas,
669 843 1195 924 comprobandos,

343 953 615 1032 Iamque
661 950 746 1014 ad
793 950 1128 1030 epicedion
1176 952 1346 1016 unde
1405 953 1735 1017 exordium
1784 954 2079 1019 duximus
2128 958 2518 1024 recurrimus

143 1063 222 1122 ut
271 1063 553 1139 praeter
601 1073 710 1122 eos
759 1075 980 1122 versus
1030 1058 1107 1121 de
1155 1057 1390 1138 quibus
1449 1060 1870 1125 disseruimus
1934 1061 2116 1140 alios,
2176 1065 2285 1145 qui
2342 1065 2518 1129 criti-

145 1183 386 1229 corum
448 1162 884 1228 moliminibus
939 1181 1066 1227 non
1123 1169 1277 1243 apte
1331 1166 1631 1245 temptati
1693 1171 1862 1245 sunt,
1919 1186 2044 1232 non
2105 1169 2315 1233 minus
2372 1170 2518 1235 illos

141 1272 429 1352 quidem
500 1270 906 1351 pertinentes
976 1271 1056 1333 ad
1129 1270 1439 1335 librorum
1509 1272 1827 1352 imprimis
1895 1275 2323 1352 „Nemeseos“
2386 1279 2519 1342 edi-

141 1379 410 1443 tionem
481 1377 916 1441 examinemus
982 1383 1048 1440 et
1105 1377 1160 1440 si
1216 1377 1359 1442 fieri
1424 1383 1643 1458 potest
1698 1381 1937 1446 rectius
1996 1383 2515 1464 interpretemur.

142 1487 412 1550 Versus
459 1485 612 1549 inde
660 1502 700 1546 a
747 1485 828 1546 47
880 1488 1032 1547 sunt
1077 1483 1170 1547 hi:

564 1593 674 1654 sed
716 1602 924 1655 tamen
969 1590 1080 1654 hoc
1123 1590 1362 1663 meliu3‚
1415 1614 1605 1677 quam
1652 1594 1711 1654 si
1753 1593 2072 1658 Phaeacia
2116 1596 2293 1660 tellus

654 1700 932 1781 iynotum
977 1698 1088 1760 vili
1133 1700 1552 1783 supposuisset
1597 1699 1799 1764 humo.

564 1806 706 1868 hinc
754 1817 906 1869 certe
951 1806 1240 1868 madidos
1280 1806 1577 1890 fuyientis
1614 1809 1848 1890 pressit
1895 1809 2111 1874 ocellos

385 1914 472 1976 50
653 1922 867 1981 mater,
919 1922 972 1974 et
1016 1912 1084 1974 in
1131 1912 1360 1975 cineres
1408 1911 1630 1975 ultima
1675 1915 1841 1976 dona
1887 1915 2059 1978 tulit.-

562 2018 704 2080 hinc
749 2040 927 2081 soror
971 2018 1040 2080 in
1074 2028 1326 2102 partem
1372 2020 1604 2083 misera
1648 2042 1787 2082 eum
1832 2033 2030 2085 matre
2075 2023 2307 2085 dolori-s

651 2124 831 2206 venit,
878 2125 1204 2188 inornata-s
1252 2125 1565 2188 dilaniata
1611 2148 1846 2189 coma-3.-

563 2254 820 2316 eumque
865 2233 987 2294 tuis
1033 2255 1149 2294 sua
1193 2234 1528 2296 iunoeemnt
1574 2232 1980 2318 Nemesisque
2016 2235 2322 2320 priorque

651 2339 860 2402 oscula
906 2362 1014 2402 nec
1060 2339 1219 2403 solos
1267 2341 1589 2404 destituere
1634 2362 1833 2424 roqos.

383 2446 468 2508 55
563 2444 757 2509 Delia
805 2447 1176 2510 descendens
1225 2446 1568 2531 ‚‚erieiu3“
1617 2447 1821 2530 inquit
1868 2459 2125 2519 „amata

649 2576 788 2615 sum
832 2553 944 2619 tibi
961 2578 980 2615 .·
1027 2553 1251 2625 videti,
1304 2555 1456 2616 dum
1500 2565 1641 2615 tuus
1687 2555 1851 2638 iynis
1898 2563 2135 2631 eram.“

564 2661 661 2721 cui
691 2658 981 2723 Nemesis
1028 2662 1266 2745 ‚‚quid“
1317 2661 1405 2723 ait
1453 2662 1612 2733 „tibi
1657 2672 1801 2723 sunt
1829 2682 1967 2724 mea
1998 2663 2235 2725 damna
2268 2662 2515 2727 dolori?

646 2788 742 2829 me
784 2767 978 2829 tenuit
1021 2768 1291 2831 ‘moriens
1339 2768 1652 2853 deficiente
1697 2775 1957 2831 mann.“

346 2872 445 2935 Ex
491 2871 594 2935 his
641 2872 932 2938 versibus
978 2874 1102 2938 viri
1150 2874 1321 2938 docti
1377 2893 1601 2939 omnes
1646 2873 1783 2939 fere
1836 2910 1916 2920 --
1964 2893 2355 2957 quamquam
2400 2877 2512 2941 alii

155 2979 291 3044 alio
351 2980 544 3044 modo
594 3014 676 3024 —
736 2979 1168 3059 colligendum
1222 2998 1365 3045 esse
1422 2981 1856 3061 opinabantur
1918 2982 2326 3061 „Nemesim“
2378 2983 2418 3048 i.
2456 3003 2509 3049 e.

154 3085 401 3149 librum
451 3086 798 3150 secundum
848 3091 1263 3153 extremum
1317 3085 1515 3151 fuisse
1567 3087 1805 3153 Tibulli
1863 3090 2238 3171 opusculum
2293 3090 2514 3171 itaque

153 3210 304 3256 cum
375 3197 790 3273 praematura
854 3199 1063 3258 morte
1129 3193 1538 3273 abriperetur
1602 3213 1829 3275 parum
1896 3198 2157 3277 plenum
2218 3196 2513 3261 relictum

157 3318 335 3365 esse.
431 3299 568 3363 Has
617 3300 1019 3365 coniecturas
1075 3300 1452 3382 priusquam
1511 3302 1947 3367 examinemus
2006 3308 2071 3369 et
2117 3303 2507 3385 refellamus»,

151 3407 375 3488 ipsam
441 3406 800 3470 orationem
867 3412 935 3472 et
1003 3426 1416 3489 progressum
1486 3410 1957 3475 sententiarum
2026 3410 2372 3491 diligenter
2438 3414 2513 3474 ut

152 3514 631 3596 perspiciamus
679 3514 833 3595 quid
881 3514 1005 3579 sibi
1053 3514 1255 3579 velint
1303 3533 1567 3595 operam
1615 3516 1931 3581 dabimus,
2027 3515 2365 3581 Sententia
2412 3520 2514 3581 est

150 3621 352 3686 haec:
408 3621 848 3703 „Quamquam
894 3620 1238 3687 dolendum
1287 3627 1461 3687 esset
1507 3624 1678 3704 quod
1724 3643 1807 3689 ne
1856 3641 2041 3689 sacro
2091 3622 2347 3704 quidem
2378 3622 2513 3687 vati

156 3729 421 3794 Tibullo
469 3727 606 3793 fata
652 3728 1113 3809 pepercissent,
1163 3729 1365 3794 multo
1413 3735 1632 3795 tamen
1688 3730 1918 3795 melius
1974 3728 2174 3794 fuisse
2228 3728 2401 3809 quod
2444 3727 2511 3790 in

154 3837 380 3919 patria
426 3823 725 3901 mortuus
775 3842 947 3901 esset
993 3854 1186 3917 quam
1233 3835 1288 3900 si
1337 3834 1656 3918 Corcyrae
1706 3837 1875 3901 diem
1931 3853 2305 3916 supremum
2360 3833 2511 3897 olim

155 3949 241 4028 (a.
288 3944 566 4031 724130)
616 3943 876 4008 obisset.
983 3943 1240 4008 Etenim
1289 3943 1344 4007 si
1398 3942 1467 4007 in
1514 3942 1741 4023 ignota
1798 3942 1914 4006 illa
1974 3947 2155 4005 terra
2210 3940 2347 4004 vita
2403 3939 2512 4003 de-

157 4053 468 4118 cessisset
513 4048 804 4116 futurum
852 4048 1052 4115 fuisse
1109 4057 1185 4114 ut
1229 4068 1346 4115 nec
1407 4054 1619 4115 mater
1675 4067 1792 4114 nec
1842 4066 2026 4114 soror
2079 4065 2199 4112 nec
2252 4046 2507 4128 puellae

157 4164 420 4223 amatae
465 4155 676 4221 funeri
722 4156 1147 4223 interessent:
1199 4158 1485 4238 quicum
1518 4156 1586 4220 in
1626 4156 1839 4238 patria
1873 4156 1951 4222 de
1981 4154 2115 4219 vita
2146 4153 2509 4233 migrasset,

158 4264 443 4330 officium
491 4268 848 4329 extremum
895 4282 1022 4329 non
1072 4263 1262 4328 modo
1296 4263 1490 4327 matri
1525 4269 1593 4326 et
1623 4262 1851 4341 sorori,
1904 4261 2019 4325 sed
2051 4259 2247 4325 etiam
2276 4259 2511 4339 puellis

2124 4372 2191 4429 3*
