3075 5100
538 348 622 410 64

534 529 824 604 tempore
875 528 940 589 et
987 524 1302 606 quomodo
1361 541 1526 606 quae
1582 528 1733 604 post
1788 528 2035 589 sextam
2090 524 2240 590 libri
2288 525 2554 590 secundi
2604 525 2882 606 elegiam

532 631 601 695 in
651 648 918 711 corpore
953 630 1334 711 Tibulliano,
1369 631 1542 713 quod
1588 649 1704 696 nos
1734 629 2065 712 habemus,
2115 631 2419 714 leguntur
2457 631 2571 698 illa
2604 633 2885 696 maxima

536 755 614 801 ex
659 742 849 818 parte
895 738 1114 820 spuria
1162 739 1446 822 (praeter
1491 737 1604 804 lib.
1653 737 1739 803 IV
1791 755 1877 803 cc.
1916 741 2110 820 2—7‚
2154 740 2255 819 13,
2312 739 2413 821 14)
2462 739 2764 820 genuinis
2814 738 2887 802 li-

534 844 666 911 bris
714 845 920 926 primo
970 849 1036 912 et
1083 847 1359 912 secundo
1409 845 1489 910 ab
1536 848 1677 926 ipso
1713 844 1965 910 Tibullo
1998 849 2151 912 ante
2183 865 2237 910 a.
2278 843 2627 910 735119111
2675 844 2883 910 lucem

535 951 784 1017 emissis
833 952 1086 1018 adiecta
1134 953 1292 1032 sint;
1342 943 1478 1017 tum
1526 952 1595 1018 id
1641 971 1897 1035 quoque
1943 954 2214 1034 patebit,
2265 947 2421 1037 quid
2466 952 2883 1017 iudicandum

533 1059 621 1124 sit
675 1059 755 1124 de
821 1064 1267 1141 excerptorum
1312 1060 1753 1126 Parisinorum
1809 1058 1935 1124 fide
1983 1059 2421 1124 exhibentium
2468 1060 2579 1140 „in
2626 1061 2881 1123 eodem“

533 1164 612 1252 (s.
660 1187 723 1248 p.
761 1167 866 1249 61)
916 1186 1041 1249 quo
1088 1167 1458 1232 testimonio
1503 1167 1651 1249 plus
1700 1185 1905 1249 aequo
1937 1165 2183 1231 Bittius
2229 1166 2353 1230 niti
2399 1165 2556 1230 mihi
2602 1166 2881 1230 videtur.

532 1273 711 1338 Haec
767 1275 1059 1355 quaestio
1119 1274 1460 1339 admodum
1518 1273 1767 1339 lubrica
1824 1279 1952 1352 est;
2018 1292 2093 1338 ac
2150 1271 2598 1339 deficientibus
2652 1273 2882 1355 utique

532 1377 668 1445 fere
723 1380 998 1445 testibus
1057 1399 1282 1448 vereor
1335 1400 1418 1446 ne
1477 1386 1652 1446 certo
1712 1381 2050 1445 diiudicari
2118 1399 2243 1446 non
2306 1381 2535 1463 possit.
2650 1379 2880 1462 Neque

533 1506 686 1552 vero
736 1487 1079 1552 disserenti
1127 1489 1205 1552 de
1253 1488 1403 1554 libri
1451 1488 1717 1554 secundi
1762 1487 2047 1553 editione
2094 1488 2161 1552 in
2206 1489 2419 1554 animo
2468 1493 2571 1555 est
2613 1507 2881 1554 novam

534 1594 613 1660 de
658 1593 761 1659 his
809 1594 1000 1660 rebus
1049 1595 1492 1678 quaestionem
1524 1613 1810 1674 movere;
1862 1595 1977 1660 sed
2007 1599 2224 1660 tamen
2270 1596 2336 1660 in
2384 1597 2757 1662 universum
2807 1615 2881 1660 ea

534 1720 660 1784 qua
717 1702 989 1767 diximus
1051 1720 1244 1768 causa
1300 1705 1459 1769 moti
1515 1721 1682 1785 quae
1746 1702 1852 1768 via
1906 1702 2328 1785 ingredienda
2382 1721 2525 1769 esse
2580 1703 2881 1770 videatur

534 1809 908 1874 conabimur
955 1811 1416 1876 demonstrare.
1497 1810 1711 1892 Atque
1754 1809 1947 1876 huius
1993 1811 2089 1874 rei
2138 1828 2451 1876 summam
2498 1816 2571 1875 ut
2618 1811 2879 1892 saepius

532 1916 754 1982 divina
799 1923 1014 1983 mente
1062 1917 1281 1982 docuit
1327 1918 1778 1984 Lachmannus
1823 1919 1922 1982 vir
1970 1917 2384 1983 admirandus
2433 1916 2581 2004 (1.1.
2616 1937 2681 1998 p.
2723 1918 2877 1995 150)

534 2023 644 2104 qui
699 2024 922 2105 paucis
979 2029 1054 2089 ut
1111 2024 1364 2090 solebat
1423 2026 1538 2090 sed
1595 2025 1896 2107 gravibus
1951 2025 2183 2105 verbis,
2236 2025 2466 2107 quibus
2516 2023 2877 2090 rationibus

531 2132 840 2196 utendum
886 2136 1060 2196 esset
1105 2138 1178 2197 ut
1225 2133 1520 2214 quaestio
1569 2131 1949 2197 difficillima
1994 2135 2170 2197 recte
2218 2132 2595 2211 solveretur,
2632 2129 2878 2214 signifi-

531 2238 718 2305 cavit.
823 2239 1077 2304 Monuit
1131 2243 1346 2303 autem
1407 2237 1512 2304 hic
1572 2238 1806 2304 Tibulli
1868 2240 2153 2304 carmina
2210 2257 2352 2304 cum
2399 2239 2629 2304 alienis
2677 2239 2879 2304 mixta

533 2363 674 2410 esse
731 2346 1004 2428 cogitari
1050 2365 1177 2412 non
1234 2363 1444 2427 posse,
1502 2345 1933 2430 priusquam¹)
1994 2346 2300 2412 Messalla
2356 2351 2645 2411 mortuus
2706 2351 2879 2414 esset

531 2452 634 2518 vel
665 2453 1035 2518 memoriam
1070 2472 1144 2518 ac
1177 2451 1496 2535 sensum²)
1546 2453 1889 2520 amisisset.
1969 2454 2069 2519 De
2098 2453 2219 2518 hac
2249 2472 2476 2518 norma
2508 2453 2880 2518 acutissime

530 2561 936 2643 praescripta
1003 2561 1355 2627 cavendum
1421 2565 1521 2626 est
1588 2579 1669 2625 ne
1723 2561 2084 2626 recedatur.
2204 2561 2573 2627 Messallam
2638 2568 2878 2642 autem,

533 2687 917 2750 quamquam
960 2670 1025 2733 in
1057 2669 1178 2735 hac
1226 2689 1297 2735 re
1345 2668 1661 2751 quaedam
1709 2673 1962 2734 restant
2007 2668 2298 2750 obscura,
2348 2669 2883 2736 verisimillimum

533 2782 633 2839 est
677 2780 1001 2841 mortuum
1049 2794 1190 2843 esse
1238 2796 1293 2842 a.
1333 2780 1370 2841 7
1379 2779 1532 2863 6017
1584 2796 1647 2858 p.
1700 2775 1853 2841 Chr.
1908 2776 2101 2858 paulo
2162 2780 2313 2841 ante
2371 2794 2563 2859 quam
2610 2777 2879 2842 Ovidius

533 2881 763 2947 Tomos
818 2884 1242 2965 relegaretur,
1301 2885 1409 2967 qui
1469 2883 1791 2966 exsequiis
1856 2883 2030 2948 illius
2088 2881 2475 2949 interfuerat
2491 2882 2561 2968 ³).
2670 2885 2879 2951 Inter-

532 2989 767 3053 vallum
824 2990 1024 3071 igitur
1081 2991 1310 3073 viginti
1367 3008 1480 3055 sex
1540 3009 1855 3074 annorum
1912 2990 2259 3055 intercedit
2304 2991 2478 3056 inter
2525 2990 2765 3057 Tibulli
2815 2996 2879 3056 et

292 3166 299 3173 ‚
414 3184 423 3191 ⁵
532 3095 878 3161 Messallae
911 3096 1174 3162 obitum.
1257 3097 1382 3163 Sed
1415 3117 1495 3165 ne
1525 3097 1707 3165 brevi
1740 3098 1999 3179 quidem
2046 3103 2197 3179 post
2226 3103 2499 3164 mortem
2530 3097 2877 3163 Messallae

531 3222 760 3268 novam
807 3204 1001 3285 primi
1025 3209 1114 3289 ,et
1160 3205 1423 3270 secundi
1469 3205 1619 3270 libri
1669 3204 2018 3271 Tibulliani
2066 3204 2336 3287 reliquis
2384 3224 2547 3287 quae
2603 3205 2876 3287 legimus

673 3396 718 3466 ¹)
754 3396 856 3449 His
904 3396 1235 3451 refelluntur
1281 3415 1637 3469 quaecunque
1685 3399 1933 3453 Haaseus
1988 3400 2074 3453 vir
2121 3398 2471 3453 doctissimus
2525 3399 2593 3453 de
2648 3415 2875 3469 corpore

531 3484 847 3540 Tibulliano
888 3488 946 3541 in
981 3487 1274 3541 Messallae
1321 3488 1587 3542 societate
1633 3492 1751 3542 orto
1810 3491 1867 3543 et
1923 3488 2155 3543 collecto
2206 3488 2446 3541 coniecit
2500 3486 2669 3558 (Berl.
2711 3487 2872 3542 Jahr-

529 3574 688 3629 biich.
717 3574 753 3630 f.
780 3576 924 3630 wiss.
949 3576 1133 3631 Kritik
1167 3578 1198 3631 l
1233 3578 1420 3646 (1837)
1454 3594 1508 3647 p.
1534 3578 1604 3633 39
1630 3578 1751 3647 sq.).

673 3662 721 3733 2)
757 3664 876 3719 Hoc
940 3666 1114 3720 tradit
1180 3666 1545 3736 Hieronymus
1556 3684 1571 3731 ;
1629 3666 1695 3719 cf.
1742 3666 1971 3735 Teuffel,
2027 3666 2182 3721 Rom.
2222 3665 2359 3721 Litt.
2400 3664 2595 3721 Gesch.
2622 3663 2648 3702 4
2668 3681 2725 3733 p.
2752 3664 2874 3731 445,

530 3758 561 3818 ὅ
590 3754 708 3821 222,
743 3758 787 3808 1.

671 3841 718 3911 3)
756 3843 1013 3913 Legimus
1053 3843 1195 3898 enim
1235 3843 1382 3914 apud
1415 3842 1675 3897 Ovidium
1710 3845 1855 3915 (epp.
1896 3860 1960 3899 ex
1995 3844 2171 3899 Ponto
2208 3844 2258 3913 Ι,
2296 3847 2347 3912 7,
2386 3844 2623 3913 27-30)
2658 3842 2818 3897 haec:

921 3953 1007 3986 nec
1043 3944 1152 3986 tuus
1185 3932 1514 4004 (Messalin.)
1548 3943 1618 3983 est
1650 3934 1843 3997 qenitor
1878 3952 1965 3985 nos
2002 3934 2246 3998 irfitiatus
2282 3934 2482 4000 amieo-⁹,

990 4025 1211 4075 hortator
1246 4023 1402 4075 studii
1437 4040 1682 4089 causaque
1704 4025 1903 4091 faxque
1940 4023 2057 4084 mei,-

923 4115 1004 4165 cui
1037 4132 1125 4164 nos
1161 4123 1208 4164 et
1243 4114 1492 4176 lacrima-3,
1529 4130 1799 4178 supremum
1838 4112 1889 4161 in
1906 4112 2095 4176 sunere
2128 4129 2313 4175 munus,

993 4213 1039 4253 et
1081 4202 1303 4254 dedimus
1339 4202 1495 4253 medio
1532 4202 1723 4267 scripta
1760 4200 1987 4251 canenda
2010 4203 2153 4269 soro.

530 4288 598 4343 cf.
629 4288 947 4361 Nipperdey
983 4290 1019 4346 l.
1051 4290 1087 4347 l.
1127 4291 1356 4362 (opusc.)
1389 4308 1443 4360 p.
1475 4292 1591 4345 290.
