<?xml version="1.0" encoding="UTF-8"?>
<!DOCTYPE html PUBLIC "-//W3C//DTD XHTML 1.0 Transitional//EN"
    "http://www.w3.org/TR/xhtml1/DTD/xhtml1-transitional.dtd">
<html xmlns="http://www.w3.org/1999/xhtml" xml:lang="en" lang="en">
 <head>
  <title>
</title>
<meta http-equiv="Content-Type" content="text/html;charset=utf-8" />
  <meta name='ocr-system' content='tesseract 3.04.00' />
  <meta name='ocr-capabilities' content='ocr_page ocr_carea ocr_par ocr_line ocrx_word'/>
</head>
<body>
  <div class='ocr_page' id='page_1' title='image "./studiatibullian01ullrgoog_0070.png"; bbox 0 0 3075 5100; ppageno 0'>
   <div class='ocr_carea' id='block_1_1' title="bbox 498 348 581 410">
    <p class='ocr_par' dir='ltr' id='par_1_1' title="bbox 498 348 581 410">
     <span class='ocr_line' id='line_1_1' title="bbox 498 348 581 410; baseline 0 0"><span class='ocrx_word' id='word_1_1' title='bbox 498 348 581 410; x_wconf 81' lang='lat'>62</span> 
     </span>
    </p>
   </div>
   <div class='ocr_carea' id='block_1_2' title="bbox 486 523 2859 3823">
    <p class='ocr_par' dir='ltr' id='par_1_2' title="bbox 486 523 2859 3823">
     <span class='ocr_line' id='line_1_2' title="bbox 495 523 2855 608; baseline 0.002 -20"><span class='ocrx_word' id='word_1_2' title='bbox 495 543 635 588; x_wconf 89' lang='lat' dir='ltr'>mus</span> <span class='ocrx_word' id='word_1_3' title='bbox 699 523 868 605; x_wconf 92' lang='lat' dir='ltr'>quod</span> <span class='ocrx_word' id='word_1_4' title='bbox 927 541 1124 604; x_wconf 88' lang='lat' dir='ltr'>supra</span> <span class='ocrx_word' id='word_1_5' title='bbox 1180 523 1759 590; x_wconf 85' lang='lat' dir='ltr'>demonstravimus</span> <span class='ocrx_word' id='word_1_6' title='bbox 1808 541 1865 587; x_wconf 89' lang='lat' dir='ltr'>a.</span> <span class='ocrx_word' id='word_1_7' title='bbox 1935 524 2185 602; x_wconf 81' lang='grc'><strong>735119</strong></span> <span class='ocrx_word' id='word_1_8' title='bbox 2258 525 2492 590; x_wconf 90' lang='lat' dir='ltr'>librum</span> <span class='ocrx_word' id='word_1_9' title='bbox 2566 527 2855 608; x_wconf 78' lang='lat' dir='ltr'>primum</span> 
     </span>
     <span class='ocr_line' id='line_1_3' title="bbox 495 629 2855 716; baseline 0.002 -22"><span class='ocrx_word' id='word_1_10' title='bbox 495 631 649 714; x_wconf 78' lang='lat'><em>(810</em></span> <span class='ocrx_word' id='word_1_11' title='bbox 683 631 804 713; x_wconf 86' lang='lat' dir='ltr'>vv.)</span> <span class='ocrx_word' id='word_1_12' title='bbox 839 634 906 695; x_wconf 91' lang='lat' dir='ltr'>et</span> <span class='ocrx_word' id='word_1_13' title='bbox 952 631 1299 696; x_wconf 86' lang='lat' dir='ltr'>secundum</span> <span class='ocrx_word' id='word_1_14' title='bbox 1351 630 1502 713; x_wconf 81' lang='lat'>(428</span> <span class='ocrx_word' id='word_1_15' title='bbox 1536 630 1663 712; x_wconf 87' lang='lat' dir='ltr'>vv.)</span> <span class='ocrx_word' id='word_1_16' title='bbox 1712 629 2111 697; x_wconf 86' lang='lat' dir='ltr'>Tibullianos</span> <span class='ocrx_word' id='word_1_17' title='bbox 2161 632 2369 698; x_wconf 90' lang='lat' dir='ltr'>editos</span> <span class='ocrx_word' id='word_1_18' title='bbox 2426 631 2628 700; x_wconf 87' lang='lat' dir='ltr'>fuisse</span> <span class='ocrx_word' id='word_1_19' title='bbox 2676 635 2855 716; x_wconf 91' lang='lat' dir='ltr'>quod</span> 
     </span>
     <span class='ocr_line' id='line_1_4' title="bbox 495 736 2858 824; baseline 0.002 -22"><span class='ocrx_word' id='word_1_20' title='bbox 495 736 759 803; x_wconf 88' lang='lat' dir='ltr'>Ovidius</span> <span class='ocrx_word' id='word_1_21' title='bbox 808 741 874 802; x_wconf 90' lang='lat' dir='ltr'>et</span> <span class='ocrx_word' id='word_1_22' title='bbox 921 737 1031 818; x_wconf 92' lang='lat' dir='ltr'>qui</span> <span class='ocrx_word' id='word_1_23' title='bbox 1078 737 1318 804; x_wconf 89' lang='lat' dir='ltr'>litteris</span> <span class='ocrx_word' id='word_1_24' title='bbox 1366 738 1716 803; x_wconf 82' lang='lat' dir='ltr'>studebant</span> <span class='ocrx_word' id='word_1_25' title='bbox 1763 757 1891 804; x_wconf 89' lang='lat' dir='ltr'>non</span> <span class='ocrx_word' id='word_1_26' title='bbox 1937 737 2347 821; x_wconf 80' lang='lat' dir='ltr'>ignorabant,</span> <span class='ocrx_word' id='word_1_27' title='bbox 2399 741 2509 822; x_wconf 91' lang='lat' dir='ltr'>qui</span> <span class='ocrx_word' id='word_1_28' title='bbox 2556 739 2701 806; x_wconf 91' lang='lat' dir='ltr'>fieri</span> <span class='ocrx_word' id='word_1_29' title='bbox 2736 759 2858 824; x_wconf 89' lang='lat' dir='ltr'>po·</span> 
     </span>
     <span class='ocr_line' id='line_1_5' title="bbox 491 845 2859 929; baseline 0.002 -19"><span class='ocrx_word' id='word_1_30' title='bbox 491 847 620 910; x_wconf 91' lang='lat' dir='ltr'>tuit</span> <span class='ocrx_word' id='word_1_31' title='bbox 665 849 740 909; x_wconf 90' lang='lat' dir='ltr'>ut</span> <span class='ocrx_word' id='word_1_32' title='bbox 803 845 984 910; x_wconf 88' lang='lat' dir='ltr'>brevi</span> <span class='ocrx_word' id='word_1_33' title='bbox 1052 848 1394 927; x_wconf 85' lang='lat' dir='ltr'>postquam</span> <span class='ocrx_word' id='word_1_34' title='bbox 1453 845 1567 911; x_wconf 91' lang='lat' dir='ltr'>ille</span> <span class='ocrx_word' id='word_1_35' title='bbox 1622 850 1917 911; x_wconf 86' lang='lat' dir='ltr'>mortuus</span> <span class='ocrx_word' id='word_1_36' title='bbox 1976 851 2077 910; x_wconf 89' lang='lat' dir='ltr'>est</span> <span class='ocrx_word' id='word_1_37' title='bbox 2146 847 2318 929; x_wconf 87' lang='lat' dir='ltr'>(nam</span> <span class='ocrx_word' id='word_1_38' title='bbox 2368 845 2587 912; x_wconf 86' lang='lat' dir='ltr'>Sosios</span> <span class='ocrx_word' id='word_1_39' title='bbox 2659 847 2859 915; x_wconf 87' lang='lat' dir='ltr'>affert</span> 
     </span>
     <span class='ocr_line' id='line_1_6' title="bbox 493 952 2853 1038; baseline 0.002 -22"><span class='ocrx_word' id='word_1_40' title='bbox 493 953 590 1016; x_wconf 84' lang='lat' dir='ltr'>vir</span> <span class='ocrx_word' id='word_1_41' title='bbox 639 952 863 1017; x_wconf 89' lang='lat' dir='ltr'>doctus</span> <span class='ocrx_word' id='word_1_42' title='bbox 912 952 1261 1035; x_wconf 79' lang='lat' dir='ltr'>aequales),</span> <span class='ocrx_word' id='word_1_43' title='bbox 1342 953 1603 1033; x_wconf 86' lang='lat' dir='ltr'>Ovidio,</span> <span class='ocrx_word' id='word_1_44' title='bbox 1661 953 1853 1017; x_wconf 91' lang='lat' dir='ltr'>immo</span> <span class='ocrx_word' id='word_1_45' title='bbox 1904 952 2213 1019; x_wconf 83' lang='lat' dir='ltr'>Messalla</span> <span class='ocrx_word' id='word_1_46' title='bbox 2258 953 2450 1035; x_wconf 85' lang='lat' dir='ltr'>vivis,</span> <span class='ocrx_word' id='word_1_47' title='bbox 2514 955 2623 1036; x_wconf 87' lang='lat' dir='ltr'>qui</span> <span class='ocrx_word' id='word_1_48' title='bbox 2683 973 2853 1038; x_wconf 90' lang='lat' dir='ltr'>quae</span> 
     </span>
     <span class='ocr_line' id='line_1_7' title="bbox 495 1058 2855 1142; baseline 0.002 -19"><span class='ocrx_word' id='word_1_49' title='bbox 495 1059 778 1124; x_wconf 87' lang='lat' dir='ltr'>carmina</span> <span class='ocrx_word' id='word_1_50' title='bbox 825 1058 1064 1124; x_wconf 89' lang='lat' dir='ltr'>Tibulli</span> <span class='ocrx_word' id='word_1_51' title='bbox 1111 1066 1329 1126; x_wconf 88' lang='lat' dir='ltr'>essent</span> <span class='ocrx_word' id='word_1_52' title='bbox 1375 1077 1541 1142; x_wconf 91' lang='lat' dir='ltr'>quae</span> <span class='ocrx_word' id='word_1_53' title='bbox 1588 1078 1715 1125; x_wconf 92' lang='lat' dir='ltr'>non</span> <span class='ocrx_word' id='word_1_54' title='bbox 1764 1064 1983 1126; x_wconf 86' lang='lat' dir='ltr'>essent</span> <span class='ocrx_word' id='word_1_55' title='bbox 2028 1059 2187 1126; x_wconf 89' lang='lat' dir='ltr'>satis</span> <span class='ocrx_word' id='word_1_56' title='bbox 2222 1065 2617 1141; x_wconf 88' lang='lat' dir='ltr'>compertum</span> <span class='ocrx_word' id='word_1_57' title='bbox 2652 1062 2855 1127; x_wconf 90' lang='lat' dir='ltr'>habe-</span> 
     </span>
     <span class='ocr_line' id='line_1_8' title="bbox 491 1165 2847 1251; baseline 0.002 -21"><span class='ocrx_word' id='word_1_58' title='bbox 491 1165 667 1247; x_wconf 87' lang='lat' dir='ltr'>bant,</span> <span class='ocrx_word' id='word_1_59' title='bbox 718 1166 1028 1249; x_wconf 89' lang='lat' dir='ltr'>Lygdami</span> <span class='ocrx_word' id='word_1_60' title='bbox 1061 1165 1400 1248; x_wconf 86' lang='lat' dir='ltr'>carmina¹)</span> <span class='ocrx_word' id='word_1_61' title='bbox 1435 1167 1674 1232; x_wconf 86' lang='lat' dir='ltr'>Tibulli</span> <span class='ocrx_word' id='word_1_62' title='bbox 1720 1167 1887 1232; x_wconf 91' lang='lat' dir='ltr'>libro</span> <span class='ocrx_word' id='word_1_63' title='bbox 1935 1167 2235 1247; x_wconf 89' lang='lat' dir='ltr'>secundo,</span> <span class='ocrx_word' id='word_1_64' title='bbox 2272 1167 2487 1232; x_wconf 88' lang='lat' dir='ltr'>aliena</span> <span class='ocrx_word' id='word_1_65' title='bbox 2518 1169 2847 1251; x_wconf 76' lang='lat' dir='ltr'>genuiniS,</span> 
     </span>
     <span class='ocr_line' id='line_1_9' title="bbox 494 1273 2853 1342; baseline 0.002 -4"><span class='ocrx_word' id='word_1_66' title='bbox 494 1274 586 1338; x_wconf 91' lang='lat' dir='ltr'>ita</span> <span class='ocrx_word' id='word_1_67' title='bbox 636 1274 1137 1339; x_wconf 84' lang='lat' dir='ltr'>adnecterentur</span> <span class='ocrx_word' id='word_1_68' title='bbox 1181 1279 1256 1338; x_wconf 91' lang='lat' dir='ltr'>ut</span> <span class='ocrx_word' id='word_1_69' title='bbox 1303 1273 1667 1339; x_wconf 88' lang='lat' dir='ltr'>Tibulliana</span> <span class='ocrx_word' id='word_1_70' title='bbox 1712 1293 1854 1340; x_wconf 86' lang='lat' dir='ltr'>esse</span> <span class='ocrx_word' id='word_1_71' title='bbox 1908 1275 2283 1340; x_wconf 81' lang='lat' dir='ltr'>viderentur</span> <span class='ocrx_word' id='word_1_72' title='bbox 2330 1279 2398 1339; x_wconf 87' lang='lat' dir='ltr'>et</span> <span class='ocrx_word' id='word_1_73' title='bbox 2427 1277 2853 1342; x_wconf 82' lang='lat' dir='ltr'>crederentur</span> 
     </span>
     <span class='ocr_line' id='line_1_10' title="bbox 493 1379 2849 1465; baseline 0.002 -19"><span class='ocrx_word' id='word_1_74' title='bbox 493 1381 573 1447; x_wconf 92' lang='lat' dir='ltr'>ab</span> <span class='ocrx_word' id='word_1_75' title='bbox 623 1381 966 1448; x_wconf 81' lang='lat' dir='ltr'>omnibus?</span> <span class='ocrx_word' id='word_1_76' title='bbox 1012 1382 1151 1447; x_wconf 90' lang='lat' dir='ltr'>Hoc</span> <span class='ocrx_word' id='word_1_77' title='bbox 1199 1382 1647 1463; x_wconf 85' lang='lat' dir='ltr'>gravissimum</span> <span class='ocrx_word' id='word_1_78' title='bbox 1682 1387 1811 1464; x_wconf 86' lang='lat' dir='ltr'>est3</span> <span class='ocrx_word' id='word_1_79' title='bbox 1862 1402 1987 1465; x_wconf 93' lang='lat' dir='ltr'>quo</span> <span class='ocrx_word' id='word_1_80' title='bbox 2034 1379 2171 1447; x_wconf 87' lang='lat' dir='ltr'>fere</span> <span class='ocrx_word' id='word_1_81' title='bbox 2197 1382 2393 1448; x_wconf 89' lang='lat' dir='ltr'>Birtii</span> <span class='ocrx_word' id='word_1_82' title='bbox 2426 1384 2647 1464; x_wconf 89' lang='lat' dir='ltr'>opinio</span> <span class='ocrx_word' id='word_1_83' title='bbox 2682 1385 2849 1451; x_wconf 89' lang='lat' dir='ltr'>satis</span> 
     </span>
     <span class='ocr_line' id='line_1_11' title="bbox 491 1487 2847 1572; baseline 0.002 -20"><span class='ocrx_word' id='word_1_84' title='bbox 491 1487 833 1554; x_wconf 84' lang='lat' dir='ltr'>refutatur.</span> <span class='ocrx_word' id='word_1_85' title='bbox 927 1488 1057 1554; x_wconf 86' lang='lat' dir='ltr'>Sed</span> <span class='ocrx_word' id='word_1_86' title='bbox 1115 1489 1442 1556; x_wconf 88' lang='lat' dir='ltr'>videamus</span> <span class='ocrx_word' id='word_1_87' title='bbox 1500 1489 1770 1572; x_wconf 90' lang='lat' dir='ltr'>reliqua.</span> <span class='ocrx_word' id='word_1_88' title='bbox 1876 1489 2058 1568; x_wconf 83' lang='lat' dir='ltr'>Quod</span> <span class='ocrx_word' id='word_1_89' title='bbox 2117 1489 2172 1554; x_wconf 90' lang='lat' dir='ltr'>si</span> <span class='ocrx_word' id='word_1_90' title='bbox 2218 1489 2497 1570; x_wconf 81' lang='lat' dir='ltr'>Bittius,</span> <span class='ocrx_word' id='word_1_91' title='bbox 2558 1509 2705 1556; x_wconf 89' lang='lat' dir='ltr'>cum</span> <span class='ocrx_word' id='word_1_92' title='bbox 2762 1512 2847 1558; x_wconf 91' lang='lat' dir='ltr'>ne</span> 
     </span>
     <span class='ocr_line' id='line_1_12' title="bbox 491 1596 2845 1680; baseline 0.002 -20"><span class='ocrx_word' id='word_1_93' title='bbox 491 1601 721 1678; x_wconf 88' lang='lat' dir='ltr'>postea</span> <span class='ocrx_word' id='word_1_94' title='bbox 767 1596 1024 1677; x_wconf 90' lang='lat' dir='ltr'>quidem</span> <span class='ocrx_word' id='word_1_95' title='bbox 1071 1633 1155 1642; x_wconf 93' lang='lat'><strong>—</strong></span> <span class='ocrx_word' id='word_1_96' title='bbox 1213 1596 1336 1662; x_wconf 92' lang='lat' dir='ltr'>hoc</span> <span class='ocrx_word' id='word_1_97' title='bbox 1395 1616 1590 1662; x_wconf 91' lang='lat' dir='ltr'>unum</span> <span class='ocrx_word' id='word_1_98' title='bbox 1637 1603 1885 1662; x_wconf 90' lang='lat' dir='ltr'>rectum</span> <span class='ocrx_word' id='word_1_99' title='bbox 1948 1602 2049 1662; x_wconf 90' lang='lat' dir='ltr'>est</span> <span class='ocrx_word' id='word_1_100' title='bbox 2097 1633 2179 1642; x_wconf 92' lang='lat'>—</span> <span class='ocrx_word' id='word_1_101' title='bbox 2228 1597 2540 1680; x_wconf 86' lang='lat' dir='ltr'>Lygdami</span> <span class='ocrx_word' id='word_1_102' title='bbox 2596 1600 2845 1664; x_wconf 90' lang='lat' dir='ltr'>mentio</span> 
     </span>
     <span class='ocr_line' id='line_1_13' title="bbox 492 1701 2849 1788; baseline 0.002 -22"><span class='ocrx_word' id='word_1_103' title='bbox 492 1701 680 1768; x_wconf 89' lang='lat' dir='ltr'>fieret</span> <span class='ocrx_word' id='word_1_104' title='bbox 727 1703 898 1784; x_wconf 92' lang='lat' dir='ltr'>apud</span> <span class='ocrx_word' id='word_1_105' title='bbox 947 1707 1218 1782; x_wconf 77' lang='lat' dir='ltr'>vetereS,</span> <span class='ocrx_word' id='word_1_106' title='bbox 1270 1708 1490 1769; x_wconf 89' lang='lat' dir='ltr'>censet</span> <span class='ocrx_word' id='word_1_107' title='bbox 1534 1703 1815 1784; x_wconf 83' lang='lat' dir='ltr'>intelligi</span> <span class='ocrx_word' id='word_1_108' title='bbox 1861 1721 1989 1767; x_wconf 90' lang='lat' dir='ltr'>non</span> <span class='ocrx_word' id='word_1_109' title='bbox 2036 1721 2227 1784; x_wconf 88' lang='lat' dir='ltr'>posse</span> <span class='ocrx_word' id='word_1_110' title='bbox 2273 1703 2401 1770; x_wconf 91' lang='lat' dir='ltr'>nisi</span> <span class='ocrx_word' id='word_1_111' title='bbox 2448 1724 2525 1768; x_wconf 86' lang='lat' dir='ltr'>ex</span> <span class='ocrx_word' id='word_1_112' title='bbox 2560 1725 2637 1770; x_wconf 93' lang='lat' dir='ltr'>eo</span> <span class='ocrx_word' id='word_1_113' title='bbox 2672 1707 2849 1788; x_wconf 92' lang='lat' dir='ltr'>quod</span> 
     </span>
     <span class='ocr_line' id='line_1_14' title="bbox 491 1808 2849 1891; baseline 0.001 -16"><span class='ocrx_word' id='word_1_114' title='bbox 491 1810 618 1875; x_wconf 90' lang='lat' dir='ltr'>iam</span> <span class='ocrx_word' id='word_1_115' title='bbox 667 1815 804 1875; x_wconf 91' lang='lat' dir='ltr'>tum</span> <span class='ocrx_word' id='word_1_116' title='bbox 853 1811 1137 1874; x_wconf 87' lang='lat' dir='ltr'>carmina</span> <span class='ocrx_word' id='word_1_117' title='bbox 1182 1808 1374 1874; x_wconf 90' lang='lat' dir='ltr'>huius</span> <span class='ocrx_word' id='word_1_118' title='bbox 1421 1815 1655 1891; x_wconf 85' lang='lat' dir='ltr'>poetae</span> <span class='ocrx_word' id='word_1_119' title='bbox 1702 1828 1844 1875; x_wconf 87' lang='lat' dir='ltr'>cum</span> <span class='ocrx_word' id='word_1_120' title='bbox 1892 1808 2273 1874; x_wconf 87' lang='lat' dir='ltr'>Tibullianis</span> <span class='ocrx_word' id='word_1_121' title='bbox 2318 1813 2521 1875; x_wconf 86' lang='lat' dir='ltr'>mixta</span> <span class='ocrx_word' id='word_1_122' title='bbox 2565 1809 2849 1877; x_wconf 87' lang='lat' dir='ltr'>fuissent</span> 
     </span>
     <span class='ocr_line' id='line_1_15' title="bbox 490 1913 2845 2001; baseline 0 -19"><span class='ocrx_word' id='word_1_123' title='bbox 490 1918 710 2000; x_wconf 86' lang='lat' dir='ltr'>itaque</span> <span class='ocrx_word' id='word_1_124' title='bbox 770 1917 1080 2001; x_wconf 87' lang='lat' dir='ltr'>Lygdami</span> <span class='ocrx_word' id='word_1_125' title='bbox 1138 1936 1370 1982; x_wconf 91' lang='lat' dir='ltr'>nomen</span> <span class='ocrx_word' id='word_1_126' title='bbox 1427 1917 1815 1998; x_wconf 82' lang='lat' dir='ltr'>evanuisset,</span> <span class='ocrx_word' id='word_1_127' title='bbox 1863 1916 1985 1980; x_wconf 90' lang='lat' dir='ltr'>hoc</span> <span class='ocrx_word' id='word_1_128' title='bbox 2045 1920 2264 1981; x_wconf 90' lang='lat' dir='ltr'>tamen</span> <span class='ocrx_word' id='word_1_129' title='bbox 2308 1913 2612 1982; x_wconf 86' lang='lat' dir='ltr'>facillime</span> <span class='ocrx_word' id='word_1_130' title='bbox 2684 1937 2845 2000; x_wconf 93' lang='lat' dir='ltr'>quo-</span> 
     </span>
     <span class='ocr_line' id='line_1_16' title="bbox 490 2023 2843 2106; baseline 0 -16"><span class='ocrx_word' id='word_1_131' title='bbox 490 2026 678 2091; x_wconf 92' lang='lat' dir='ltr'>modo</span> <span class='ocrx_word' id='word_1_132' title='bbox 730 2023 970 2090; x_wconf 87' lang='lat' dir='ltr'>factum</span> <span class='ocrx_word' id='word_1_133' title='bbox 1029 2024 1116 2090; x_wconf 92' lang='lat' dir='ltr'>sit</span> <span class='ocrx_word' id='word_1_134' title='bbox 1178 2029 1453 2106; x_wconf 88' lang='lat' dir='ltr'>apparet</span> <span class='ocrx_word' id='word_1_135' title='bbox 1521 2041 1602 2092; x_wconf 85' lang='lat' dir='ltr'>ex</span> <span class='ocrx_word' id='word_1_136' title='bbox 1672 2043 1747 2090; x_wconf 88' lang='lat' dir='ltr'>eo</span> <span class='ocrx_word' id='word_1_137' title='bbox 1796 2023 1965 2106; x_wconf 90' lang='lat' dir='ltr'>quod</span> <span class='ocrx_word' id='word_1_138' title='bbox 2034 2023 2173 2104; x_wconf 88' lang='lat' dir='ltr'>ipse</span> <span class='ocrx_word' id='word_1_139' title='bbox 2244 2023 2482 2089; x_wconf 88' lang='lat' dir='ltr'>conicit</span> <span class='ocrx_word' id='word_1_140' title='bbox 2527 2024 2777 2090; x_wconf 87' lang='lat' dir='ltr'>Birtius</span> <span class='ocrx_word' id='word_1_141' title='bbox 2792 2023 2843 2106; x_wconf 85' lang='lat'>²)</span> 
     </span>
     <span class='ocr_line' id='line_1_17' title="bbox 491 2128 2845 2216; baseline 0 -20"><span class='ocrx_word' id='word_1_142' title='bbox 491 2133 888 2216; x_wconf 84' lang='lat' dir='ltr'>Lygdamum</span> <span class='ocrx_word' id='word_1_143' title='bbox 943 2131 1185 2213; x_wconf 87' lang='lat' dir='ltr'>elegias</span> <span class='ocrx_word' id='word_1_144' title='bbox 1238 2149 1408 2210; x_wconf 88' lang='lat' dir='ltr'>suas,</span> <span class='ocrx_word' id='word_1_145' title='bbox 1466 2149 1852 2213; x_wconf 89' lang='lat' dir='ltr'>quamquam</span> <span class='ocrx_word' id='word_1_146' title='bbox 1909 2128 2189 2196; x_wconf 84' lang='lat' dir='ltr'>fortasse</span> <span class='ocrx_word' id='word_1_147' title='bbox 2232 2129 2528 2196; x_wconf 86' lang='lat' dir='ltr'>Neaerae</span> <span class='ocrx_word' id='word_1_148' title='bbox 2586 2131 2653 2196; x_wconf 93' lang='lat' dir='ltr'>in</span> <span class='ocrx_word' id='word_1_149' title='bbox 2708 2150 2845 2197; x_wconf 89' lang='lat' dir='ltr'>uno</span> 
     </span>
     <span class='ocr_line' id='line_1_18' title="bbox 491 2236 2841 2322; baseline 0 -18"><span class='ocrx_word' id='word_1_150' title='bbox 491 2239 814 2306; x_wconf 85' lang='lat' dir='ltr'>volumine</span> <span class='ocrx_word' id='word_1_151' title='bbox 861 2240 1210 2322; x_wconf 86' lang='lat' dir='ltr'>inscriptas</span> <span class='ocrx_word' id='word_1_152' title='bbox 1258 2239 1399 2320; x_wconf 89' lang='lat' dir='ltr'>ipse</span> <span class='ocrx_word' id='word_1_153' title='bbox 1447 2238 1894 2318; x_wconf 84' lang='lat' dir='ltr'>dedicavisset,</span> <span class='ocrx_word' id='word_1_154' title='bbox 1942 2241 2160 2303; x_wconf 90' lang='lat' dir='ltr'>tamen</span> <span class='ocrx_word' id='word_1_155' title='bbox 2209 2236 2451 2320; x_wconf 87' lang='lat' dir='ltr'>publici</span> <span class='ocrx_word' id='word_1_156' title='bbox 2501 2239 2661 2304; x_wconf 89' lang='lat' dir='ltr'>iuris</span> <span class='ocrx_word' id='word_1_157' title='bbox 2708 2259 2841 2304; x_wconf 90' lang='lat' dir='ltr'>non</span> 
     </span>
     <span class='ocr_line' id='line_1_19' title="bbox 491 2343 2842 2430; baseline 0 -19"><span class='ocrx_word' id='word_1_158' title='bbox 491 2345 723 2412; x_wconf 84' lang='lat' dir='ltr'>fecisse</span> <span class='ocrx_word' id='word_1_159' title='bbox 743 2343 807 2430; x_wconf 79' lang='lat'>⁸).</span> <span class='ocrx_word' id='word_1_160' title='bbox 902 2347 987 2412; x_wconf 89' lang='lat' dir='ltr'>Et</span> <span class='ocrx_word' id='word_1_161' title='bbox 1033 2353 1106 2412; x_wconf 90' lang='lat' dir='ltr'>ut</span> <span class='ocrx_word' id='word_1_162' title='bbox 1151 2365 1496 2428; x_wconf 88' lang='lat' dir='ltr'>sumamus,</span> <span class='ocrx_word' id='word_1_163' title='bbox 1548 2345 1941 2428; x_wconf 85' lang='lat' dir='ltr'>Lygdamum</span> <span class='ocrx_word' id='word_1_164' title='bbox 1999 2344 2209 2427; x_wconf 88' lang='lat' dir='ltr'>ipsum</span> <span class='ocrx_word' id='word_1_165' title='bbox 2263 2345 2383 2411; x_wconf 88' lang='lat' dir='ltr'>hos</span> <span class='ocrx_word' id='word_1_166' title='bbox 2430 2363 2657 2412; x_wconf 85' lang='lat' dir='ltr'>versus</span> <span class='ocrx_word' id='word_1_167' title='bbox 2710 2348 2842 2411; x_wconf 85' lang='lat'>290</span> 
     </span>
     <span class='ocr_line' id='line_1_20' title="bbox 495 2448 2843 2534; baseline 0.001 -16"><span class='ocrx_word' id='word_1_168' title='bbox 495 2455 562 2519; x_wconf 89' lang='lat' dir='ltr'>in</span> <span class='ocrx_word' id='word_1_169' title='bbox 611 2448 762 2519; x_wconf 90' lang='lat' dir='ltr'>libri</span> <span class='ocrx_word' id='word_1_170' title='bbox 809 2453 1080 2520; x_wconf 86' lang='lat' dir='ltr'>formam</span> <span class='ocrx_word' id='word_1_171' title='bbox 1126 2454 1423 2520; x_wconf 88' lang='lat' dir='ltr'>redactos</span> <span class='ocrx_word' id='word_1_172' title='bbox 1473 2471 1764 2519; x_wconf 86' lang='lat' dir='ltr'>seorsum</span> <span class='ocrx_word' id='word_1_173' title='bbox 1811 2453 2091 2518; x_wconf 89' lang='lat' dir='ltr'>edidisse</span> <span class='ocrx_word' id='word_1_174' title='bbox 2126 2489 2209 2499; x_wconf 91' lang='lat'>—-</span> <span class='ocrx_word' id='word_1_175' title='bbox 2235 2453 2404 2533; x_wconf 91' lang='lat' dir='ltr'>quod</span> <span class='ocrx_word' id='word_1_176' title='bbox 2437 2459 2671 2534; x_wconf 85' lang='lat' dir='ltr'>poetae</span> <span class='ocrx_word' id='word_1_177' title='bbox 2710 2473 2843 2520; x_wconf 89' lang='lat' dir='ltr'>non</span> 
     </span>
     <span class='ocr_line' id='line_1_21' title="bbox 493 2561 2844 2646; baseline 0 -19"><span class='ocrx_word' id='word_1_178' title='bbox 493 2564 589 2627; x_wconf 91' lang='lat' dir='ltr'>ita</span> <span class='ocrx_word' id='word_1_179' title='bbox 641 2564 778 2629; x_wconf 90' lang='lat' dir='ltr'>noti</span> <span class='ocrx_word' id='word_1_180' title='bbox 826 2563 1092 2646; x_wconf 87' lang='lat' dir='ltr'>posteri,</span> <span class='ocrx_word' id='word_1_181' title='bbox 1144 2563 1384 2646; x_wconf 90' lang='lat' dir='ltr'>quippe</span> <span class='ocrx_word' id='word_1_182' title='bbox 1440 2562 1551 2645; x_wconf 91' lang='lat' dir='ltr'>qui</span> <span class='ocrx_word' id='word_1_183' title='bbox 1606 2561 1958 2627; x_wconf 89' lang='lat' dir='ltr'>nobiliores</span> <span class='ocrx_word' id='word_1_184' title='bbox 2016 2561 2176 2627; x_wconf 89' lang='lat' dir='ltr'>alios</span> <span class='ocrx_word' id='word_1_185' title='bbox 2234 2561 2491 2627; x_wconf 89' lang='lat' dir='ltr'>silentio</span> <span class='ocrx_word' id='word_1_186' title='bbox 2547 2569 2844 2643; x_wconf 87' lang='lat' dir='ltr'>praeter·</span> 
     </span>
     <span class='ocr_line' id='line_1_22' title="bbox 493 2668 2841 2754; baseline -0.001 -18"><span class='ocrx_word' id='word_1_187' title='bbox 493 2671 818 2753; x_wconf 88' lang='lat' dir='ltr'>miserint,</span> <span class='ocrx_word' id='word_1_188' title='bbox 877 2670 1188 2754; x_wconf 90' lang='lat' dir='ltr'>Lygdami</span> <span class='ocrx_word' id='word_1_189' title='bbox 1249 2688 1562 2753; x_wconf 89' lang='lat' dir='ltr'>nusquam</span> <span class='ocrx_word' id='word_1_190' title='bbox 1632 2670 2023 2736; x_wconf 90' lang='lat' dir='ltr'>mentionem</span> <span class='ocrx_word' id='word_1_191' title='bbox 2077 2668 2325 2734; x_wconf 87' lang='lat' dir='ltr'>faciunt</span> <span class='ocrx_word' id='word_1_192' title='bbox 2378 2668 2607 2735; x_wconf 87' lang='lat' dir='ltr'>hocine</span> <span class='ocrx_word' id='word_1_193' title='bbox 2678 2670 2841 2734; x_wconf 90' lang='lat' dir='ltr'>satis</span> 
     </span>
     <span class='ocr_line' id='line_1_23' title="bbox 493 2776 2845 2859; baseline 0 -18"><span class='ocrx_word' id='word_1_194' title='bbox 493 2777 728 2859; x_wconf 90' lang='lat' dir='ltr'>probat</span> <span class='ocrx_word' id='word_1_195' title='bbox 773 2777 962 2843; x_wconf 91' lang='lat' dir='ltr'>huius</span> <span class='ocrx_word' id='word_1_196' title='bbox 1020 2776 1305 2843; x_wconf 85' lang='lat' dir='ltr'>carmina</span> <span class='ocrx_word' id='word_1_197' title='bbox 1363 2796 1655 2843; x_wconf 90' lang='lat' dir='ltr'>seorsum</span> <span class='ocrx_word' id='word_1_198' title='bbox 1711 2777 1885 2843; x_wconf 89' lang='lat' dir='ltr'>edita</span> <span class='ocrx_word' id='word_1_199' title='bbox 1939 2796 2022 2843; x_wconf 90' lang='lat' dir='ltr'>ne</span> <span class='ocrx_word' id='word_1_200' title='bbox 2081 2777 2373 2843; x_wconf 86' lang='lat' dir='ltr'>extitisse</span> <span class='ocrx_word' id='word_1_201' title='bbox 2444 2777 2703 2859; x_wconf 85' lang='lat' dir='ltr'>quidem</span> <span class='ocrx_word' id='word_1_202' title='bbox 2777 2782 2845 2841; x_wconf 87' lang='lat' dir='ltr'>et</span> 
     </span>
     <span class='ocr_line' id='line_1_24' title="bbox 487 2883 2841 2965; baseline -0 -16"><span class='ocrx_word' id='word_1_203' title='bbox 487 2903 616 2949; x_wconf 91' lang='lat' dir='ltr'>una</span> <span class='ocrx_word' id='word_1_204' title='bbox 665 2904 805 2950; x_wconf 92' lang='lat' dir='ltr'>cum</span> <span class='ocrx_word' id='word_1_205' title='bbox 855 2884 1091 2950; x_wconf 92' lang='lat' dir='ltr'>Tibulli</span> <span class='ocrx_word' id='word_1_206' title='bbox 1142 2884 1310 2950; x_wconf 90' lang='lat' dir='ltr'>libro</span> <span class='ocrx_word' id='word_1_207' title='bbox 1381 2884 1663 2951; x_wconf 87' lang='lat' dir='ltr'>secundo</span> <span class='ocrx_word' id='word_1_208' title='bbox 1718 2884 2125 2950; x_wconf 78' lang='lat' dir='ltr'>innotuisse?</span> <span class='ocrx_word' id='word_1_209' title='bbox 2217 2884 2305 2949; x_wconf 90' lang='lat' dir='ltr'>Et</span> <span class='ocrx_word' id='word_1_210' title='bbox 2357 2883 2609 2949; x_wconf 88' lang='lat' dir='ltr'>accedit</span> <span class='ocrx_word' id='word_1_211' title='bbox 2664 2885 2841 2965; x_wconf 91' lang='lat' dir='ltr'>quod</span> 
     </span>
     <span class='ocr_line' id='line_1_25' title="bbox 489 2990 2840 3074; baseline -0 -18"><span class='ocrx_word' id='word_1_212' title='bbox 489 3011 571 3057; x_wconf 92' lang='lat' dir='ltr'>ne</span> <span class='ocrx_word' id='word_1_213' title='bbox 617 2990 698 3057; x_wconf 81' lang='lat' dir='ltr'>id&#39;</span> <span class='ocrx_word' id='word_1_214' title='bbox 730 2992 988 3074; x_wconf 91' lang='lat' dir='ltr'>quidem</span> <span class='ocrx_word' id='word_1_215' title='bbox 1035 2992 1290 3073; x_wconf 80' lang='lat' dir='ltr'>scimuS,</span> <span class='ocrx_word' id='word_1_216' title='bbox 1339 3011 1492 3057; x_wconf 89' lang='lat' dir='ltr'>num</span> <span class='ocrx_word' id='word_1_217' title='bbox 1541 3010 1708 3057; x_wconf 91' lang='lat' dir='ltr'>anno</span> <span class='ocrx_word' id='word_1_218' title='bbox 1760 2992 2007 3064; x_wconf 71' lang='lat' dir='ltr'>735s19</span> <span class='ocrx_word' id='word_1_219' title='bbox 2063 2990 2165 3056; x_wconf 82' lang='lat' dir='ltr'>vel</span> <span class='ocrx_word' id='word_1_220' title='bbox 2224 2990 2418 3072; x_wconf 88' lang='lat' dir='ltr'>paulo</span> <span class='ocrx_word' id='word_1_221' title='bbox 2473 2995 2625 3072; x_wconf 90' lang='lat' dir='ltr'>post</span> <span class='ocrx_word' id='word_1_222' title='bbox 2672 2990 2840 3073; x_wconf 87' lang='lat' dir='ltr'>Lyg-</span> 
     </span>
     <span class='ocr_line' id='line_1_26' title="bbox 489 3096 2840 3193; baseline -0.001 -30"><span class='ocrx_word' id='word_1_223' title='bbox 489 3099 662 3164; x_wconf 88' lang='lat' dir='ltr'>dami</span> <span class='ocrx_word' id='word_1_224' title='bbox 710 3099 956 3181; x_wconf 87' lang='lat' dir='ltr'>elegiae</span> <span class='ocrx_word' id='word_1_225' title='bbox 1003 3100 1185 3181; x_wconf 88' lang='lat' dir='ltr'>ipsae</span> <span class='ocrx_word' id='word_1_226' title='bbox 1233 3098 1563 3165; x_wconf 86' lang='lat' dir='ltr'>confectae</span> <span class='ocrx_word' id='word_1_227' title='bbox 1610 3097 1853 3164; x_wconf 79' lang='lat' dir='ltr'>fuerint</span> <span class='ocrx_word' id='word_1_228' title='bbox 1897 3097 1992 3162; x_wconf 88' lang='lat' dir='ltr'>ita</span> <span class='ocrx_word' id='word_1_229' title='bbox 2037 3102 2111 3163; x_wconf 91' lang='lat' dir='ltr'>ut</span> <span class='ocrx_word' id='word_1_230' title='bbox 2158 3116 2199 3161; x_wconf 90' lang='lat' dir='ltr'>a</span> <span class='ocrx_word' id='word_1_231' title='bbox 2242 3096 2446 3163; x_wconf 90' lang='lat' dir='ltr'>Sosiis</span> <span class='ocrx_word' id='word_1_232' title='bbox 2493 3102 2840 3193; x_wconf 86' lang='lat' dir='ltr'>postquam</span> 
     </span>
     <span class='ocr_line' id='line_1_27' title="bbox 489 3204 2839 3286; baseline -0 -17"><span class='ocrx_word' id='word_1_233' title='bbox 489 3205 782 3271; x_wconf 91' lang='lat' dir='ltr'>Tibullus</span> <span class='ocrx_word' id='word_1_234' title='bbox 827 3209 1120 3272; x_wconf 88' lang='lat' dir='ltr'>mortuus</span> <span class='ocrx_word' id='word_1_235' title='bbox 1170 3210 1270 3273; x_wconf 90' lang='lat' dir='ltr'>est</span> <span class='ocrx_word' id='word_1_236' title='bbox 1312 3206 1481 3272; x_wconf 89' lang='lat' dir='ltr'>libro</span> <span class='ocrx_word' id='word_1_237' title='bbox 1529 3204 1812 3271; x_wconf 86' lang='lat' dir='ltr'>secundo</span> <span class='ocrx_word' id='word_1_238' title='bbox 1861 3204 2027 3270; x_wconf 90' lang='lat' dir='ltr'>adici</span> <span class='ocrx_word' id='word_1_239' title='bbox 2075 3211 2376 3286; x_wconf 88' lang='lat' dir='ltr'>possent;</span> <span class='ocrx_word' id='word_1_240' title='bbox 2426 3205 2543 3270; x_wconf 90' lang='lat' dir='ltr'>sed</span> <span class='ocrx_word' id='word_1_241' title='bbox 2588 3210 2663 3269; x_wconf 91' lang='lat' dir='ltr'>ut</span> <span class='ocrx_word' id='word_1_242' title='bbox 2708 3204 2839 3269; x_wconf 85' lang='lat' dir='ltr'>iam</span> 
     </span>
     <span class='ocr_line' id='line_1_28' title="bbox 489 3310 2839 3395; baseline -0.001 -18"><span class='ocrx_word' id='word_1_243' title='bbox 489 3318 628 3377; x_wconf 91' lang='lat' dir='ltr'>tum</span> <span class='ocrx_word' id='word_1_244' title='bbox 677 3311 1006 3378; x_wconf 87' lang='lat' dir='ltr'>confectae</span> <span class='ocrx_word' id='word_1_245' title='bbox 1053 3310 1330 3379; x_wconf 85' lang='lat' dir='ltr'>fuissent</span> <span class='ocrx_word' id='word_1_246' title='bbox 1375 3314 1601 3379; x_wconf 90' lang='lat' dir='ltr'>mirari</span> <span class='ocrx_word' id='word_1_247' title='bbox 1655 3318 1873 3378; x_wconf 90' lang='lat' dir='ltr'>tamen</span> <span class='ocrx_word' id='word_1_248' title='bbox 1921 3313 2252 3392; x_wconf 89' lang='lat' dir='ltr'>debemus,</span> <span class='ocrx_word' id='word_1_249' title='bbox 2310 3330 2424 3377; x_wconf 90' lang='lat' dir='ltr'>cur</span> <span class='ocrx_word' id='word_1_250' title='bbox 2469 3311 2839 3395; x_wconf 85' lang='lat' dir='ltr'>Lygdamus</span> 
     </span>
     <span class='ocr_line' id='line_1_29' title="bbox 490 3417 2835 3503; baseline -0 -19"><span class='ocrx_word' id='word_1_251' title='bbox 490 3421 599 3502; x_wconf 92' lang='lat' dir='ltr'>qui</span> <span class='ocrx_word' id='word_1_252' title='bbox 645 3424 784 3485; x_wconf 90' lang='lat' dir='ltr'>tum</span> <span class='ocrx_word' id='word_1_253' title='bbox 833 3425 1142 3503; x_wconf 88' lang='lat' dir='ltr'>quattuor</span> <span class='ocrx_word' id='word_1_254' title='bbox 1191 3425 1257 3485; x_wconf 90' lang='lat' dir='ltr'>et</span> <span class='ocrx_word' id='word_1_255' title='bbox 1303 3420 1533 3503; x_wconf 88' lang='lat' dir='ltr'>viginti</span> <span class='ocrx_word' id='word_1_256' title='bbox 1583 3439 1785 3487; x_wconf 89' lang='lat' dir='ltr'>annos</span> <span class='ocrx_word' id='word_1_257' title='bbox 1834 3424 2024 3486; x_wconf 90' lang='lat' dir='ltr'>natus</span> <span class='ocrx_word' id='word_1_258' title='bbox 2072 3424 2214 3486; x_wconf 85' lang='lat' dir='ltr'>erat</span> <span class='ocrx_word' id='word_1_259' title='bbox 2262 3417 2362 3503; x_wconf 85' lang='lat' dir='ltr'>(cf.</span> <span class='ocrx_word' id='word_1_260' title='bbox 2415 3420 2553 3485; x_wconf 90' lang='lat' dir='ltr'>Tib.</span> <span class='ocrx_word' id='word_1_261' title='bbox 2603 3417 2719 3501; x_wconf 94' lang='lat' dir='ltr'>III,</span> <span class='ocrx_word' id='word_1_262' title='bbox 2774 3420 2835 3501; x_wconf 86' lang='lat'>5,</span> 
     </span>
     <span class='ocr_line' id='line_1_30' title="bbox 495 3525 2842 3610; baseline 0.001 -20"><span class='ocrx_word' id='word_1_263' title='bbox 495 3530 597 3609; x_wconf 84' lang='lat'>17,</span> <span class='ocrx_word' id='word_1_264' title='bbox 653 3529 762 3609; x_wconf 87' lang='lat'>18)</span> <span class='ocrx_word' id='word_1_265' title='bbox 812 3528 1054 3609; x_wconf 87' lang='lat' dir='ltr'>elegias</span> <span class='ocrx_word' id='word_1_266' title='bbox 1103 3528 1182 3593; x_wconf 91' lang='lat' dir='ltr'>ab</span> <span class='ocrx_word' id='word_1_267' title='bbox 1216 3527 1358 3610; x_wconf 90' lang='lat' dir='ltr'>ipso</span> <span class='ocrx_word' id='word_1_268' title='bbox 1395 3525 1719 3594; x_wconf 85' lang='lat' dir='ltr'>confectas</span> <span class='ocrx_word' id='word_1_269' title='bbox 1752 3544 1982 3609; x_wconf 89' lang='lat' dir='ltr'>passus</span> <span class='ocrx_word' id='word_1_270' title='bbox 2016 3528 2103 3594; x_wconf 90' lang='lat' dir='ltr'>sit</span> <span class='ocrx_word' id='word_1_271' title='bbox 2134 3546 2173 3592; x_wconf 90' lang='lat' dir='ltr'>a</span> <span class='ocrx_word' id='word_1_272' title='bbox 2205 3527 2409 3593; x_wconf 87' lang='lat' dir='ltr'>Sosiis</span> <span class='ocrx_word' id='word_1_273' title='bbox 2455 3526 2565 3591; x_wconf 88' lang='lat' dir='ltr'>alii</span> <span class='ocrx_word' id='word_1_274' title='bbox 2604 3528 2842 3607; x_wconf 88' lang='lat' dir='ltr'>poetae</span> 
     </span>
     <span class='ocr_line' id='line_1_31' title="bbox 486 3632 2841 3717; baseline -0.001 -17"><span class='ocrx_word' id='word_1_275' title='bbox 486 3634 767 3700; x_wconf 89' lang='lat' dir='ltr'>adnecti.</span> <span class='ocrx_word' id='word_1_276' title='bbox 862 3634 947 3699; x_wconf 92' lang='lat' dir='ltr'>Et</span> <span class='ocrx_word' id='word_1_277' title='bbox 992 3636 1050 3701; x_wconf 90' lang='lat' dir='ltr'>si</span> <span class='ocrx_word' id='word_1_278' title='bbox 1098 3634 1335 3701; x_wconf 88' lang='lat' dir='ltr'>dixerit</span> <span class='ocrx_word' id='word_1_279' title='bbox 1380 3635 1523 3717; x_wconf 90' lang='lat' dir='ltr'>quis</span> <span class='ocrx_word' id='word_1_280' title='bbox 1571 3634 1968 3717; x_wconf 84' lang='lat' dir='ltr'>Lygdamum</span> <span class='ocrx_word' id='word_1_281' title='bbox 2017 3653 2157 3700; x_wconf 88' lang='lat' dir='ltr'>oum</span> <span class='ocrx_word' id='word_1_282' title='bbox 2205 3634 2327 3700; x_wconf 88' lang='lat' dir='ltr'>hoc</span> <span class='ocrx_word' id='word_1_283' title='bbox 2372 3632 2562 3700; x_wconf 86' lang='lat' dir='ltr'>fieret</span> <span class='ocrx_word' id='word_1_284' title='bbox 2625 3632 2841 3715; x_wconf 89' lang='lat' dir='ltr'>ipsum</span> 
     </span>
     <span class='ocr_line' id='line_1_32' title="bbox 486 3739 2842 3823; baseline -0 -17"><span class='ocrx_word' id='word_1_285' title='bbox 486 3740 764 3808; x_wconf 85' lang='lat' dir='ltr'>fortasse</span> <span class='ocrx_word' id='word_1_286' title='bbox 797 3741 970 3807; x_wconf 89' lang='lat' dir='ltr'>inter</span> <span class='ocrx_word' id='word_1_287' title='bbox 1000 3742 1181 3808; x_wconf 86' lang='lat' dir='ltr'>vivos</span> <span class='ocrx_word' id='word_1_288' title='bbox 1212 3742 1342 3807; x_wconf 86' lang='lat' dir='ltr'>iam</span> <span class='ocrx_word' id='word_1_289' title='bbox 1370 3761 1499 3808; x_wconf 91' lang='lat' dir='ltr'>non</span> <span class='ocrx_word' id='word_1_290' title='bbox 1531 3739 1754 3822; x_wconf 88' lang='lat' dir='ltr'>fuisse,</span> <span class='ocrx_word' id='word_1_291' title='bbox 1802 3741 2188 3808; x_wconf 90' lang='lat' dir='ltr'>monendum</span> <span class='ocrx_word' id='word_1_292' title='bbox 2221 3746 2322 3806; x_wconf 90' lang='lat' dir='ltr'>est</span> <span class='ocrx_word' id='word_1_293' title='bbox 2352 3758 2518 3822; x_wconf 89' lang='lat' dir='ltr'>quae</span> <span class='ocrx_word' id='word_1_294' title='bbox 2559 3740 2643 3805; x_wconf 85' lang='lat' dir='ltr'>ad</span> <span class='ocrx_word' id='word_1_295' title='bbox 2673 3740 2842 3823; x_wconf 87' lang='lat' dir='ltr'>Lyg-</span> 
     </span>
    </p>
   </div>
   <div class='ocr_carea' id='block_1_3' title="bbox 232 3634 267 3655">
    <p class='ocr_par' dir='ltr' id='par_1_3' title="bbox 232 3634 267 3655">
     <span class='ocr_line' id='line_1_33' title="bbox 232 3634 267 3655; baseline 0 0"><span class='ocrx_word' id='word_1_296' title='bbox 232 3634 267 3655; x_wconf 50' lang='grc' dir='ltr'>Χ</span> 
     </span>
    </p>
   </div>
   <div class='ocr_carea' id='block_1_4' title="bbox 491 3870 910 3878">
    <p class='ocr_par' dir='ltr' id='par_1_4' title="bbox 491 3870 910 3878">
     <span class='ocr_line' id='line_1_34' title="bbox 491 3870 910 3878; baseline 0 1222"><span class='ocrx_word' id='word_1_297' title='bbox 491 3870 910 3878; x_wconf 95' lang='lat' dir='ltr'> </span> 
     </span>
    </p>
   </div>
   <div class='ocr_carea' id='block_1_5' title="bbox 631 3932 2839 4007">
    <p class='ocr_par' dir='ltr' id='par_1_5' title="bbox 631 3932 2839 4007">
     <span class='ocr_line' id='line_1_35' title="bbox 631 3932 2839 4007; baseline -0.002 -16"><span class='ocrx_word' id='word_1_298' title='bbox 631 3937 675 4007; x_wconf 86' lang='lat'>1)</span> <span class='ocrx_word' id='word_1_299' title='bbox 711 3936 920 3991; x_wconf 88' lang='lat' dir='ltr'>Notum</span> <span class='ocrx_word' id='word_1_300' title='bbox 975 3939 1062 3991; x_wconf 87' lang='lat' dir='ltr'>est</span> <span class='ocrx_word' id='word_1_301' title='bbox 1114 3936 1250 3991; x_wconf 80' lang='lat' dir='ltr'>haec</span> <span class='ocrx_word' id='word_1_302' title='bbox 1305 3935 1563 3992; x_wconf 87' lang='lat' dir='ltr'>Vossium</span> <span class='ocrx_word' id='word_1_303' title='bbox 1617 3936 1851 4005; x_wconf 86' lang='lat' dir='ltr'>primum</span> <span class='ocrx_word' id='word_1_304' title='bbox 1906 3934 2307 3989; x_wconf 77' lang='lat' dir='ltr'>demonstrasse</span> <span class='ocrx_word' id='word_1_305' title='bbox 2356 3950 2389 3987; x_wconf 83' lang='lat' dir='ltr'>a</span> <span class='ocrx_word' id='word_1_306' title='bbox 2440 3932 2661 3987; x_wconf 88' lang='lat' dir='ltr'>Tibullo</span> <span class='ocrx_word' id='word_1_307' title='bbox 2718 3949 2839 3987; x_wconf 83' lang='lat' dir='ltr'>esse</span> 
     </span>
    </p>
   </div>
   <div class='ocr_carea' id='block_1_6' title="bbox 490 4027 2837 4277">
    <p class='ocr_par' dir='ltr' id='par_1_6' title="bbox 490 4027 2837 4277">
     <span class='ocr_line' id='line_1_36' title="bbox 490 4027 871 4083; baseline 0.003 -2"><span class='ocrx_word' id='word_1_308' title='bbox 490 4027 871 4083; x_wconf 80' lang='lat' dir='ltr'>abiudicanda.</span> 
     </span>
     <span class='ocr_line' id='line_1_37' title="bbox 631 4113 2359 4187; baseline -0.003 -15"><span class='ocrx_word' id='word_1_309' title='bbox 631 4116 677 4187; x_wconf 77' lang='grc'>2)</span> <span class='ocrx_word' id='word_1_310' title='bbox 713 4116 1098 4186; x_wconf 82' lang='lat' dir='ltr'>Adstipulatur</span> <span class='ocrx_word' id='word_1_311' title='bbox 1133 4115 1394 4183; x_wconf 85' lang='lat' dir='ltr'>Hillerus,</span> <span class='ocrx_word' id='word_1_312' title='bbox 1432 4114 1662 4169; x_wconf 89' lang='lat' dir='ltr'>Hermes</span> <span class='ocrx_word' id='word_1_313' title='bbox 1699 4113 1896 4168; x_wconf 87' lang='lat' dir='ltr'><strong>XVIII</strong></span> <span class='ocrx_word' id='word_1_314' title='bbox 1930 4116 2119 4181; x_wconf 82' lang='lat'>(1883)</span> <span class='ocrx_word' id='word_1_315' title='bbox 2157 4131 2208 4183; x_wconf 91' lang='lat' dir='ltr'>p.</span> <span class='ocrx_word' id='word_1_316' title='bbox 2237 4115 2359 4171; x_wconf 81' lang='lat'>352.</span> 
     </span>
     <span class='ocr_line' id='line_1_38' title="bbox 632 4200 2837 4277; baseline -0.004 -16"><span class='ocrx_word' id='word_1_317' title='bbox 632 4207 679 4277; x_wconf 80' lang='grc'>3)</span> <span class='ocrx_word' id='word_1_318' title='bbox 716 4206 834 4271; x_wconf 80' lang='lat' dir='ltr'>Quo</span> <span class='ocrx_word' id='word_1_319' title='bbox 872 4210 1116 4276; x_wconf 88' lang='lat' dir='ltr'>tempore</span> <span class='ocrx_word' id='word_1_320' title='bbox 1155 4205 1408 4275; x_wconf 88' lang='lat' dir='ltr'>equidem</span> <span class='ocrx_word' id='word_1_321' title='bbox 1447 4220 1697 4258; x_wconf 85' lang='lat' dir='ltr'>censeam</span> <span class='ocrx_word' id='word_1_322' title='bbox 1733 4204 1831 4257; x_wconf 85' lang='lat' dir='ltr'>has</span> <span class='ocrx_word' id='word_1_323' title='bbox 1870 4203 2076 4271; x_wconf 85' lang='lat' dir='ltr'>elegias</span> <span class='ocrx_word' id='word_1_324' title='bbox 2114 4219 2238 4257; x_wconf 89' lang='lat' dir='ltr'>cum</span> <span class='ocrx_word' id='word_1_325' title='bbox 2274 4200 2603 4256; x_wconf 83' lang='lat' dir='ltr'>Tibullianis</span> <span class='ocrx_word' id='word_1_326' title='bbox 2640 4200 2837 4254; x_wconf 82' lang='lat' dir='ltr'>mixtas</span> 
     </span>
    </p>
   </div>
   <div class='ocr_carea' id='block_1_7' title="bbox 495 4296 1290 4366">
    <p class='ocr_par' dir='ltr' id='par_1_7' title="bbox 495 4296 1290 4366">
     <span class='ocr_line' id='line_1_39' title="bbox 495 4296 1290 4366; baseline -0.005 -15"><span class='ocrx_word' id='word_1_327' title='bbox 495 4314 612 4351; x_wconf 87' lang='lat' dir='ltr'>esse</span> <span class='ocrx_word' id='word_1_328' title='bbox 650 4314 700 4350; x_wconf 85' lang='lat' dir='ltr'>v.</span> <span class='ocrx_word' id='word_1_329' title='bbox 730 4296 893 4366; x_wconf 86' lang='lat' dir='ltr'>paulo</span> <span class='ocrx_word' id='word_1_330' title='bbox 932 4296 968 4349; x_wconf 90' lang='lat' dir='ltr'>i.</span> <span class='ocrx_word' id='word_1_331' title='bbox 995 4313 1047 4364; x_wconf 89' lang='lat' dir='ltr'>p.</span> <span class='ocrx_word' id='word_1_332' title='bbox 1079 4299 1145 4351; x_wconf 85' lang='lat'>64</span> <span class='ocrx_word' id='word_1_333' title='bbox 1173 4311 1290 4365; x_wconf 89' lang='lat' dir='ltr'>sqq.</span> 
     </span>
    </p>
   </div>
   <div class='ocr_carea' id='block_1_8' title="bbox 3074 2557 3075 3074">
    <p class='ocr_par' dir='ltr' id='par_1_8' title="bbox 3074 2557 3075 3074">
     <span class='ocr_line' id='line_1_40' title="bbox 3074 2557 3075 3074; baseline 0 0"><span class='ocrx_word' id='word_1_334' title='bbox 3074 2557 3075 3074; x_wconf 95' lang='lat' dir='ltr'> </span> 
     </span>
    </p>
   </div>
  </div>
 </body>
</html>
