3075 5100
560 387 643 449 76

558 562 881 629 codicibus
929 563 1033 627 hic
1080 562 1213 627 illic
1259 562 1662 644 apophoreta
1709 563 2024 644 quaedam
2072 563 2404 627 excidisse.
2500 563 2637 627 Iam
2682 569 2909 628 utrum

558 671 796 736 rectius
843 688 1060 736 sumas
1093 669 1356 734 dubium
1404 688 1532 734 non
1580 674 1710 748 est3
1761 675 1828 735 et
1875 669 1984 751 qui
2017 688 2225 751 nuper
2255 669 2623 734 Martialem
2657 671 2910 736 eisdem

555 777 691 842 fere
736 778 1138 860 temporibus
1185 777 1525 842 ediderunt
1571 777 1775 842 multa
1829 796 2043 842 secum
2092 777 2631 843 communicantes
2677 778 2911 842 Fried-

556 885 898 950 laenderus
946 885 1014 968 (1.
1050 885 1092 948 l.
1125 883 1249 950 vol.
1285 883 1350 949 II
1388 904 1452 966 p.
1490 885 1619 947 295
1640 922 1703 930 --
1732 877 1891 967 300)
1940 889 2007 950 et
2054 884 2385 950 Gilbertus
2407 883 2452 967 ¹)
2502 889 2911 966 compertum

555 992 797 1058 habent
826 992 1062 1059 librum
1101 991 1322 1057 multis
1354 991 1603 1056 lacunis
1638 992 2057 1073 depravatum
2094 1008 2252 1056 esse.
2336 990 2550 1071 Atque
2598 996 2901 1072 apparet,

556 1099 940 1181 praesertim
989 1117 1131 1164 cum
1162 1098 1333 1163 binis
1367 1097 1940 1180 epigrammatibus
1974 1097 2110 1162 bini
2144 1115 2366 1162 versus
2398 1096 2895 1179 responderent,

556 1205 968 1288 neglegentia
1022 1204 1435 1270 librariorum
1493 1203 1681 1269 facile
1742 1203 1884 1268 fieri
1955 1204 2249 1287 potuisse
2307 1207 2378 1267 ut
2425 1204 2741 1285 quaedam
2795 1223 2909 1268 ex·

559 1313 865 1377 ciderent.
963 1311 1146 1390 Quod
1203 1312 1581 1393 saepissime
1638 1311 1895 1376 videtur
1948 1309 2189 1376 factum
2254 1329 2395 1377 esse
2452 1311 2517 1374 in
2575 1316 2768 1392 parte
2828 1331 2909 1376 ea

559 1437 724 1501 quae
770 1423 1026 1501 spectat
1073 1419 1222 1484 inde
1270 1437 1308 1483 a
1357 1421 1395 1484 3
1443 1437 1649 1500 usque
1698 1417 1779 1484 ad
1833 1420 1978 1498 169,
2030 1436 2170 1483 cum
2219 1418 2532 1482 donorum
2580 1436 2907 1500 genera,

559 1531 866 1608 quantum
915 1526 1122 1592 adhuc
1153 1527 1522 1609 perspicere
1570 1527 1742 1607 licet,
1794 1545 2134 1609 quamqam
2174 1545 2303 1591 non
2334 1525 2527 1608 plane
2558 1523 2911 1590 defuerunt

557 1654 686 1700 non
746 1652 949 1715 aeque
1007 1638 1223 1699 tamen
1289 1652 1362 1698 ac
1420 1635 1672 1716 reliqua
1716 1632 2148 1724 (ΠΟ-223)
2214 1637 2395 1698 certa
2458 1637 2527 1697 et
2594 1632 2909 1697 distincta

557 1741 756 1807 fuisse
801 1739 1150 1808 verisimile
1197 1741 1312 1822 sit3
1373 1761 1498 1823 quo
1546 1739 1785 1806 factum
1833 1746 1935 1806 est
1978 1745 2054 1806 ut
2096 1741 2350 1806 librarii
2395 1740 2606 1821 legem
2654 1740 2907 1805 ordinis

560 1849 901 1915 admodum
934 1847 1260 1914 difficilem
1307 1867 1434 1912 non
1468 1847 1929 1930 intelligentes,
1976 1854 2223 1913 temere
2254 1847 2801 1913 transscribentes
2838 1852 2909 1913 et

558 1957 868 2022 donorum
928 1974 1052 2020 non
1118 1973 1264 2020 raro
1322 1953 1684 2036 vulgarium
1742 1955 1910 2019 serie
1964 1955 2139 2019 haud
2210 1955 2341 2020 scio
2390 1972 2471 2018 an
2538 1951 2905 2034 defatigati,

557 2064 767 2129 minus
815 2063 1161 2144 diligenter
1207 2066 1510 2127 curarent
1555 2064 1631 2125 ut
1677 2061 1895 2126 divitis
1944 2062 2111 2127 dono
2159 2062 2466 2143 pauperis
2512 2060 2752 2142 ubique
2804 2079 2906 2125 re-

558 2169 925 2253 sponderet.
1043 2169 1439 2251 Quamquam
1519 2185 1730 2232 meum
1799 2187 1925 2233 non
1999 2174 2098 2233 est
2166 2169 2230 2232 in
2302 2169 2423 2233 hac
2490 2167 2642 2232 libri
2711 2173 2904 2250 parte

557 2277 912 2360 digerenda
956 2295 1109 2341 num
1140 2276 1679 2342 Friedlaenderus
1728 2280 1794 2341 et
1826 2275 2179 2356 GilbertuS,
2227 2277 2401 2341 inter
2447 2293 2607 2357 quos
2642 2292 2904 2356 semper

556 2383 723 2466 fere,
800 2389 875 2448 ut
946 2383 1192 2449 leviora
1263 2383 1584 2464 omittam,
1664 2384 1745 2448 de
1820 2383 2068 2448 lacunis
2146 2374 2509 2448 statuendis
2585 2382 2687 2448 vel
2765 2383 2903 2464 epi-

557 2491 1022 2575 grammatibus
1079 2490 1578 2573 transponendis
1638 2492 1965 2567 convenit,
2038 2492 2251 2557 omnia
2314 2495 2492 2555 recte
2548 2490 2907 2555 statuerint

557 2600 942 2682 examinare,
989 2619 1186 2665 unum
1234 2606 1449 2665 tamen
1496 2600 1853 2665 monuerim
1910 2600 2083 2681 quod
2138 2600 2259 2664 viri
2316 2599 2384 2662 hi
2431 2597 2900 2677 humanissimi,

556 2726 936 2791 persuasum
984 2707 1295 2774 habentes
1348 2726 1467 2790 per
1511 2712 1720 2772 totum
1767 2706 2005 2771 librum
2052 2707 2341 2771 ordinem
2386 2704 2587 2771 fuisse
2634 2723 2781 2769 eum
2828 2710 2906 2769 ut

557 2816 978 2897 praecederet
1046 2816 1273 2897 utique
1342 2815 1563 2880 divitis
1633 2815 1869 2880 donum
1926 2814 2069 2899 (D),
2142 2819 2524 2896 sequeretur
2591 2812 2903 2894 pauperis

558 2919 766 3007 (ΡΥ),
823 2922 1186 3003 ubicunque
1242 2923 1415 2988 hunc
1471 2922 1761 2987 ordinem
1820 2922 1941 2986 DP
1978 2922 2099 2987 DP
2136 2921 2257 2987 DP
2307 2971 2321 2985 .
2375 2971 2389 2986 .
2442 2971 2456 2985 .
2508 2969 2524 2983 .
2573 2918 2903 2984 desidera—

1825 3002 2245 3027 -nv-nv——fl

556 3039 733 3120 bant,
782 3038 1009 3104 vitium
1043 3043 1264 3103 extare
1296 3044 1622 3104 sumentes
1671 3038 1726 3105 si
1759 3036 2299 3119 transpositiones
2348 3037 2437 3101 nil
2471 3038 2694 3101 iuvare
2726 3035 2903 3100 vide-

555 3147 794 3212 bantur
884 3145 1149 3210 lacunas
1198 3145 1575 3211 statuendas
1633 3163 1774 3211 esse
1820 3144 2212 3209 iudicabant.
2307 3144 2555 3209 Vereor
2602 3143 2773 3208 enim
2822 3162 2901 3207 ne

557 3254 681 3319 viri
729 3253 902 3318 docti
961 3252 1121 3317 adeo
1171 3257 1541 3319 constantes
1600 3272 1797 3335 super
1841 3252 2099 3317 modum
2145 3251 2548 3317 transierint.
2640 3249 2901 3314 Etenim

557 3362 614 3427 si
673 3360 738 3424 in
795 3359 980 3425 libris
1035 3359 1276 3441 legitur
1336 3361 1441 3425 hic
1488 3360 1645 3425 ordo
1694 3360 1751 3424 D
1784 3358 1834 3425 P
1867 3360 1918 3423 P
1950 3359 2007 3423 D
2055 3359 2159 3424 vel
2204 3358 2255 3421 P
2290 3358 2345 3422 D
2381 3357 2436 3421 D
2471 3357 2522 3420 P
2568 3362 2636 3421 et
2688 3357 2899 3437 primo

559 3468 790 3534 obtutu
836 3466 988 3532 talis
1045 3484 1207 3547 esse,
1271 3471 1337 3531 et
1387 3450 1861 3533 'sententiarum
1910 3484 2074 3549 quae
2134 3466 2357 3532 insunt
2416 3469 2483 3529 et
2525 3465 2901 3530 lemmatum

557 3594 724 3657 quae
778 3574 1093 3656 inscripta
1163 3579 1314 3639 sunt
1358 3576 1613 3640 ratione
1668 3575 1912 3655 habita,
1985 3574 2067 3637 ad
2134 3573 2602 3655 epigrammata
2657 3572 2900 3653 optime

557 3682 879 3765 quadrare
932 3682 1218 3763 videtur,
1289 3682 1607 3748 lubricum
1679 3701 1821 3748 esse
1893 3679 2274 3747 crediderim
2344 3680 2667 3744 inversam
2734 3679 2900 3743 hanc

556 3790 875 3855 rationem
923 3808 963 3853 a
1009 3795 1242 3871 poetae
1289 3787 1557 3855 consilio
1606 3788 1975 3854 abiudicare
2024 3792 2091 3852 et
2134 3787 2405 3852 lacunae
2452 3786 2637 3867 signo
2686 3786 2897 3867 posito

559 3915 724 3979 quae
770 3915 842 3960 re
883 3896 1199 3984 contineri
1230 3896 1530 3961 videntur
1580 3915 1657 3960 ea
1704 3897 1784 3961 ob
1831 3894 2121 3975 formam,
2170 3899 2245 3959 ut
2292 3899 2556 3975 certam,
2605 3911 2726 3976 per
2772 3894 2897 3958 vim

558 4002 870 4069 distinere
936 4003 1157 4085 itaque
1216 4004 1507 4069 ordinem
1564 4006 1853 4068 statuere
1882 4002 2106 4068 -huncz
2169 4002 2319 4111 ΕΞ
2384 3998 2519 4078 (D)
2547 4003 2598 4066 P
2662 4000 2694 4081 <
2706 4003 2759 4066 D
2782 3998 2892 4077 P).

2383 4082 2869 4114 κ-ῃῤ-νψ

699 4226 744 4295 ¹)
778 4226 853 4281 M.
879 4225 1086 4282 Valerii
1125 4224 1397 4279 Martialis
1437 4225 1869 4293 epigrammaton
1900 4222 2047 4278 libri.
2124 4222 2272 4291 Lips.
2318 4223 2472 4289 1886,
2517 4239 2571 4291 p.
2598 4221 2785 4275 XXXI
2817 4238 2893 4291 sq.

698 4316 743 4385 2)
783 4316 946 4370 Notis
983 4319 1108 4370 utor
1146 4315 1350 4370 eisdem
1389 4333 1453 4370 ac
1491 4314 1962 4369 Friedlaenderus
