3075 5100
467 335 551 397 72

467 512 640 577 credi
687 516 910 594 potest
938 512 1109 576 hunc
1138 508 1375 576 librum
1407 514 1651 576 temere
1682 510 1749 575 in
1780 510 1986 576 lucem
2022 510 2325 576 emissum
2359 529 2520 592 esse,
2572 512 2817 596 quippe

468 637 657 700 quem
726 622 923 701 poeta
993 616 1270 684 ediderit
1337 617 1478 699 ipse
1538 654 1618 664 -
1678 636 1806 682 non
1862 619 2055 699 paulo
2104 624 2255 684 ante
2301 625 2575 686 mortem
2622 622 2817 687 nimis

467 723 858 791 festinanter
904 725 1129 790 morbo
1165 742 1533 807 oppressae,
1586 725 1700 790 sed
1748 722 1997 805 aliquot
2041 723 2320 791 fortasse
2368 727 2555 794 annis
2602 729 2819 811 prius-

468 851 619 914 qum
668 850 703 896 e
764 833 901 898 vita
961 832 1340 898 discederet.
1443 830 1529 894 Et
1596 849 1679 896 ne
1749 834 1887 895 tum
1957 831 2232 912 quidem,
2304 833 2361 897 si
2408 835 2819 902 concedimus

470 940 704 1004 librum
753 944 904 1022 post
951 936 1197 1004 obitum
1247 937 1482 1002 Tibulli
1544 937 1625 1002 ab
1674 937 1925 1012 editore
1964 939 2239 1019 quodam
2286 939 2353 1005 in
2383 939 2591 1006 lucem
2624 943 2816 1007 emis-

467 1065 607 1112 sum
655 1064 818 1126 esse,
868 1045 1038 1128 quod
1087 1043 1498 1110 coniecerunt
1541 1044 1640 1110 illi
1688 1045 1768 1109 de
1816 1049 1992 1111 statu
2037 1032 2367 1111 incondito
2396 1046 2701 1113 universo
2748 1048 2818 1113 id

467 1154 535 1219 in
604 1153 839 1219 librum
897 1152 1066 1216 hunc
1127 1150 1325 1231 cadit3
1399 1152 1508 1233 qui
1568 1157 1634 1217 et
1678 1153 1821 1234 ipse
1868 1151 2214 1218 concinnus
2261 1153 2497 1218 minori
2543 1155 2819 1220 ambitui

467 1261 562 1326 ita
606 1259 982 1342 respondet,
1031 1263 1106 1324 ut
1131 1258 1382 1338 editor,
1433 1258 1488 1323 si
1535 1258 1638 1323 cui
1670 1256 1903 1324 fuisset
1933 1278 2125 1325 curae
2171 1259 2405 1325 librum
2448 1278 2528 1325 ex
2560 1261 2819 1328 schedis

469 1367 642 1432 Albii
703 1370 912 1431 morte
959 1364 1255 1447 oppressi
1300 1364 1544 1447 publici
1592 1364 1751 1430 iuris
1797 1363 2030 1447 facere,
2102 1367 2196 1432 nil
2242 1367 2368 1432 nisi
2414 1367 2822 1450 simplicissi-

469 1493 642 1539 mum
688 1490 918 1538 munus
965 1471 1182 1538 subire
1229 1476 1454 1554 posset
1499 1471 1671 1553 quod
1718 1472 1970 1554 accepit
2014 1473 2391 1555 opusculum
2430 1492 2621 1556 quam
2671 1493 2823 1557 per-

471 1580 890 1646 fectissimum
935 1583 1011 1644 ut
1067 1584 1209 1644 erat
1264 1579 1586 1659 integrum
1646 1578 1714 1643 in
1759 1578 2087 1660 publicum
2141 1579 2469 1646 reddendi.
2520 1615 2605 1626 —
2656 1581 2825 1646 Tum

470 1691 688 1753 autem
745 1687 801 1750 si
856 1686 924 1750 in
979 1685 1292 1751 librorum
1342 1684 1581 1750 Tibulli
1626 1685 1819 1765 primi
1868 1690 1936 1751 et
1982 1686 2244 1752 secundi
2293 1691 2675 1768 argumenta
2719 1687 2822 1752 in-

341 1861 352 1873 ,
469 1793 939 1876 quisiverimus,
983 1811 1061 1857 ex
1094 1791 1481 1876 comparatis
1513 1791 1948 1872 intelligemus
1981 1793 2297 1874 quomodo
2329 1792 2572 1859 factum
2602 1795 2691 1860 sit
2736 1799 2817 1860 ut

471 1901 788 1967 secundus
836 1900 1144 1966 ambitum
1202 1900 1410 1982 primo
1471 1898 1737 1965 dimidio
1783 1897 1921 1964 fere
1965 1900 2277 1966 minorem
2324 1900 2616 1966 haberet.
2714 1901 2822 1966 Ti-

469 2007 684 2074 bullus
731 2007 899 2072 enim
949 2025 1091 2073 cum
1138 2027 1196 2072 a.
1232 2004 1479 2092 ’127127
1529 2005 1765 2070 librum
1811 2007 2141 2088 primum
2190 2006 2504 2071 edendum
2538 2013 2820 2090 curaret,

473 2132 889 2196 quaecunque
935 2130 1139 2196 usque
1185 2115 1269 2181 ad
1313 2114 1504 2180 huius
1552 2113 1704 2178 anni
1752 2117 2124 2178 autumnum
2174 2113 2527 2195 scripserat
2567 2115 2635 2180 in
2664 2116 2824 2181 libri

467 2220 737 2287 formam
770 2221 1055 2303 redegit,
1105 2240 1230 2303 quo
1263 2220 1503 2287 factum
1552 2223 1652 2284 est
1681 2223 1773 2300 ut,
1823 2237 1988 2301 quae
2033 2239 2105 2285 re
2144 2220 2585 2288 diversissima
2632 2228 2825 2288 erant

474 2344 550 2396 ea
589 2328 930 2394 voluminis
977 2333 1194 2394 tamen
1241 2328 1448 2394 vinclo
1483 2327 1801 2392 communi
1834 2327 2404 2408 coniungerentur:
2455 2329 2703 2412 elegiae
2750 2331 2821 2394 in

472 2435 841 2500 Marathum
888 2434 1172 2516 scriptae
1216 2440 1352 2501 tres
1399 2435 1490 2500 IV
1537 2432 1692 2499 VIII
1735 2432 1848 2514 IX,
1899 2452 2153 2499 carmen
2194 2433 2255 2498 X
2301 2435 2471 2516 quod
2518 2435 2823 2502 timorem

471 2541 626 2609 belli
672 2542 896 2624 reique
942 2541 1226 2610 rusticae
1272 2543 1581 2626 pacisque
1628 2558 1910 2607 amorem
1946 2539 2257 2624 depingit,
2310 2541 2558 2623 elegiae
2592 2542 2823 2610 Deliae

472 2650 753 2732 quinque
798 2649 898 2713 III
928 2649 959 2714 I
990 2650 1043 2715 V
1091 2650 1158 2715 II
1201 2649 1310 2730 VI,
1361 2649 1575 2732 elegia
1606 2647 1727 2713 VII
1774 2646 1854 2714 ob
1900 2648 2209 2713 honorem
2258 2648 2603 2715 Messallae
2649 2668 2823 2715 com-

470 2757 717 2839 posita3
768 2761 1011 2838 quanta
1056 2758 1372 2823 varietas!
1468 2755 1709 2821 Contra
1756 2754 1822 2820 in
1867 2754 2035 2819 libro
2083 2755 2414 2821 secundo
2461 2774 2567 2821 res
2615 2756 2823 2821 multo

473 2862 897 2945 simpliciores
944 2869 1018 2928 ut
1064 2863 1272 2929 dicam
1318 2864 1647 2947 leguntur:
1698 2862 1907 2944 primo
1937 2861 2079 2928 loco
2112 2861 2395 2944 positum
2430 2867 2531 2927 est
2562 2881 2823 2929 carmen

474 2969 647 3051 quod
681 2969 1094 3035 Ambarvalia
1127 2970 1436 3051 illustrat,
1486 2974 1844 3051 sequuntur
1892 2968 2101 3050 elegia
2146 2968 2530 3035 brevissima
2563 2970 2630 3034 in
2666 2969 2824 3035 Cor-

471 3076 612 3142 nuti
683 3076 872 3141 amici
936 3076 1104 3141 diem
1161 3077 1447 3143 natalem
1502 3076 1891 3157 interposita
1939 3079 2246 3157 quattuor
2294 3075 2543 3157 elegiae
2588 3074 2685 3140 III
2730 3077 2824 3143 IV

471 3183 530 3248 V
576 3182 668 3248 VI
735 3183 800 3247 in
864 3183 1094 3264 quibus
1151 3182 1444 3249 Nemesis
1500 3182 1781 3249 occurrit
1828 3182 1938 3266 (ad
1984 3201 2175 3264 quam
2222 3182 2287 3247 in
2334 3182 2393 3247 V
2440 3202 2695 3265 quoque
2745 3204 2825 3250 ex

472 3290 600 3356 alio
650 3294 1030 3371 argumento
1076 3287 1405 3372 profectus
1463 3294 1735 3355 exeunte
1782 3293 1996 3354 tamen
2045 3289 2216 3354 redit
2264 3288 2603 3373 Tibullus).
2700 3290 2825 3369 Qui

470 3396 637 3461 liber
707 3402 781 3461 ut
849 3414 1115 3462 numero
1173 3396 1524 3463 carminum
1582 3396 1677 3462 ita
1731 3395 1924 3461 rebus
1985 3414 2150 3477 quae
2209 3396 2650 3479 depinguntur
2706 3397 2823 3463 illo

471 3504 682 3569 minor
752 3508 851 3570 est
920 3507 1116 3585 atque
1185 3502 1470 3570 inferior.
1580 3502 1944 3585 Scripserat
2002 3502 2409 3583 adulescens,
2483 3508 2556 3567 ut
2624 3521 2825 3587 supra

472 3612 565 3694 (p.
609 3613 694 3675 24
742 3612 867 3692 sq.)
917 3611 1358 3677 demonstrare
1407 3610 1621 3677 conati
1680 3628 1917 3689 sumus,
1992 3608 2284 3675 Tibullus
2341 3614 2477 3675 tres
2536 3609 2683 3677 illas
2755 3612 2823 3675 in

472 3718 838 3784 Marathum
914 3733 1183 3799 puerum
1232 3717 1492 3801 elegias,
1568 3734 1747 3798 quaS,
1822 3734 2207 3798 quamquam
2276 3734 2403 3781 non
2452 3715 2695 3782 diutius
2756 3718 2823 3782 in

477 3825 717 3895 talibus
811 3825 1208 3907 argumentis
1249 3857 1252 3861 ·
1288 3824 1673 3891 versabatur
1754 3823 2077 3905 pauloque
2153 3828 2304 3906 post
2390 3823 2469 3888 ad
2556 3823 2827 3890 meliora

477 3930 585 4014 (el.
635 3931 695 3995 X
743 3933 913 4015 sqq.)
961 3930 1326 4013 accedebat,
1399 3936 1615 3996 tamen
1688 3918 1829 3996 cum
1884 3930 2119 3996 librum
2168 3930 2458 3996 editurus
2507 3935 2682 3999 esset
2727 3931 2823 3995 in-

476 4038 682 4103 seruit
728 4039 898 4119 quod
930 4038 1230 4121 quoniam
1266 4043 1716 4121 composuerat
1748 4038 1979 4104 edendi
2012 4038 2165 4103 data
2195 4035 2507 4102 facultate
2536 4037 2823 4102 retinere

475 4144 714 4229 noluit3
786 4145 1016 4226 quibus
1086 4147 1245 4228 (246
1293 4146 1420 4227 vv.)
1493 4146 1750 4228 copiose
1826 4144 2167 4211 admodum
2238 4144 2581 4226 descriptis
2654 4145 2824 4226 quod

472 4252 871 4334 respondeat
939 4252 1006 4317 in
1072 4253 1351 4319 secundo
1427 4252 1594 4319 libro
1665 4250 1909 4317 frustra
1965 4251 2279 4335 requiras.
2380 4250 2561 4317 Haec
2608 4255 2823 4317 autem
