3075 5100
2434 381 2512 444 19

163 559 474 636 spectant
527 554 723 620 verba
771 565 824 617 et
878 555 1007 617 iam
1062 565 1117 618 te
1161 556 1453 640 principe
1508 567 1687 618 notus
1743 567 1893 628 erat,
1945 556 2219 636 Augusti
2279 556 2515 638 princi-

161 667 363 742 patus
411 660 665 726 initium
715 660 876 738 dico,
912 677 1166 724 carmen
1201 661 1288 724 VI
1321 660 1414 744 (et
1445 662 1527 743 V)
1562 661 2009 742 pervulgatum
2039 660 2240 728 fuisse
2272 663 2518 729 scilicet

165 787 316 831 cum
387 767 629 831 inesset
698 765 764 829 in
834 766 1000 830 libro
1072 767 1296 847 primo.
1409 765 1536 831 Sed
1594 767 1748 848 quid
1808 769 2003 833 vellet
2048 767 2314 833 Ovidius
2374 789 2514 834 cum

163 875 292 938 hos
353 891 580 938 versus
641 872 942 936 laudaret
1002 871 1422 952 TibullianOS,
1476 891 1557 937 ne
1616 873 1976 939 Schultzius
2023 875 2280 958 quidem
2340 881 2516 941 recte

167 979 501 1046 intellexit
561 983 742 1044 ratus
789 980 858 1041 id
902 979 1108 1064 fuisse
1167 980 1492 1042 consilium
1557 979 1767 1044 Ovidii
1821 993 1891 1044 ut
1942 984 2010 1045 id
2064 1005 2313 1046 carmen
2370 982 2513 1066 (VI)

167 1110 296 1172 quo
339 1087 618 1150 Tibullus
665 1087 734 1149 in
781 1088 1058 1149 omnium
1103 1111 1328 1150 manus
1374 1100 1621 1151 venerat
1666 1090 1733 1151 in
1780 1091 2143 1152 memoriam
2190 1089 2517 1174 leyentium

167 1205 486 1258 revocaret
555 1192 625 1276 (l.
671 1193 712 1256 l.
770 1212 832 1272 p.
880 1191 1014 1276 38).
1147 1191 1340 1258 Certe
1409 1193 1673 1260 Ovidius
1747 1198 2379 1260 versus-447--460
2436 1197 2519 1260 ad

169 1299 454 1364 verbum
533 1298 670 1364 fere
741 1299 1082 1380 exscripsit
1143 1317 1221 1363 ex
1293 1299 1529 1365 Tibulli
1612 1301 1821 1384 elegia
1886 1295 1995 1365 VI'
2048 1300 2144 1388 (et
2195 1302 2280 1386 V)
2345 1295 2523 1383 'quod

170 1411 368 1471 erant
425 1406 748 1486 aptissimi
807 1406 891 1470 ad
951 1424 1152 1487 genus
1223 1407 1382 1471 illud
1446 1405 1669 1472 furtivi
1737 1408 1975 1472 amoris
2033 1408 2516 1488 illustrandum

171 1513 418 1578 addere
475 1517 692 1577 autem
749 1513 962 1592 potuit
1017 1511 1238 1593 plures
1301 1530 1378 1576 ex
1437 1531 1488 1577 c.
1523 1513 1588 1576 11
1636 1517 1700 1577 et
1758 1513 1981 1594 elegiis
2037 1515 2105 1578 in
2153 1515 2517 1580 Marathum

171 1620 442 1700 scriptis
479 1657 556 1668 --
607 1637 754 1683 nam
801 1618 867 1682 in
915 1618 1016 1684 his
1065 1636 1317 1701 quoque
1349 1624 1699 1700 praecepta
1747 1620 1907 1684 talia
1954 1621 2257 1703 leguntur
2290 1657 2369 1668 —
2406 1622 2520 1686 sed

174 1725 668 1808 comprehendit
717 1743 794 1788 ea
841 1743 1005 1806 quae
1053 1725 1346 1807 pluribus
1395 1732 1784 1808 exposuerat
1827 1727 1959 1791 his:

229 1832 470 1919 461s2:
504 1833 816 1917 multaque
862 1834 972 1896 dat
1001 1832 1173 1916 furti
1217 1832 1363 1896 talis
1398 1845 1739 1918 praecepta
1786 1835 2073 1918 docetque

611 1963 735 2024 qua
780 1951 1010 2024 nuptae
1047 1940 1295 2025 possint
1327 1939 1565 2024 fallere
1612 1941 1690 2008 ab
1738 1953 1869 2004 arte
1915 1941 2102 2003 viros·

361 2045 604 2122 Quibus
674 2065 816 2110 cum
883 2047 1188 2110 adnectat
1256 2069 1365 2111 nec
1405 2046 1541 2130 fuit
1598 2048 1709 2110 hoc
1764 2047 1863 2110 illi
1906 2048 2140 2132 fraudi
2198 2069 2331 2132 sqq.
2390 2065 2517 2111 non

175 2150 390 2216 solum
449 2153 532 2216 ad
589 2171 845 2217 carmen
894 2153 984 2217 VI
1039 2153 1325 2234 respicit,
1385 2154 1499 2218 sed
1558 2171 1973 2236 quaecunque
2030 2154 2140 2218 ille
2198 2153 2317 2218 tali
2378 2159 2520 2217 arte

177 2259 619 2338 composuerit
683 2263 750 2324 et
819 2259 1098 2324 ediderit
1151 2260 1332 2325 libro
1403 2261 1613 2342 primo
1688 2260 2149 2342 comprehensa
2217 2260 2385 2345 (cum
2454 2260 2519 2323 in

175 2366 464 2430 secundo
531 2364 699 2430 libro
768 2385 974 2447 pauca
1038 2366 1406 2434 huiusmodi
1471 2365 1801 2452 legantur)
1858 2367 2027 2449 petit
2082 2366 2163 2432 ab
2222 2367 2517 2446 Augusto

175 2478 256 2536 ut
304 2472 773 2538 reminiscendo
823 2479 1262 2556 recognoscat,
1314 2492 1460 2538 nam
1503 2473 1801 2557 principe
1852 2493 1927 2539 eo
1961 2475 2075 2539 illa
2106 2474 2233 2538 iam
2266 2472 2523 2555 pervul-

176 2585 338 2661 gata
383 2578 607 2661 fuisse,
667 2586 734 2645 et
789 2600 858 2645 se
906 2582 1116 2662 ipsum
1176 2582 1286 2663 qui
1341 2582 1408 2646 in
1467 2582 1627 2647 Arte
1685 2582 2002 2647 amatoria
2062 2580 2298 2647 similia
2355 2599 2523 2645 com·

173 2688 474 2769 posuerit
541 2688 597 2752 si
641 2686 786 2753 fieri
847 2688 1054 2769 possit
1115 2688 1334 2771 aliqua
1396 2708 1472 2753 ex
1518 2693 1709 2770 parte
1770 2693 2050 2754 excuset.
2144 2685 2515 2753 Sch’ultzius

175 2799 402 2859 autem
447 2799 626 2859 recte
657 2792 948 2859 refutans
983 2796 1050 2877 (l.
1087 2794 1128 2860 l.
1164 2816 1225 2877 p.
1263 2794 1376 2879 39)
1409 2796 1599 2860 istam
1634 2794 2010 2859 Baehrensii
2046 2792 2239 2877 (quae
2270 2797 2525 2875 spectat

175 2902 266 2967 ad
313 2920 401 2967 cc.
436 2901 468 2965 Ι
512 2901 577 2965 ΙΙ
623 2901 743 2982 ΙΙΙ)
795 2901 1160 2983 opinionem
1206 2903 1348 2983 ipse
1395 2902 1520 2968 sibi
1568 2905 1889 2983 repugnat
1939 2919 2083 2966 cum
2130 2901 2303 2965 dicat
2352 2922 2522 2974 „non

175 3010 440 3073 dubium
487 3010 606 3073 sibi
651 3032 776 3073 esse
825 3010 973 3094 quin
1021 3011 1154 3095 ipse
1200 3032 1266 3074 eo
1315 3008 1395 3095 (c,
1430 3010 1545 3093 VI)
1588 3009 1865 3073 Tibullus
1896 3010 2153 3095 famam
2202 3010 2522 3093 quandam

173 3117 592 3201 acquisiverit,
641 3116 710 3179 id
738 3118 929 3200 iyitur
961 3128 1014 3179 et
1045 3118 1251 3202 ipsum
1285 3130 1426 3182 ante
1458 3141 1514 3181 a.
1554 3118 1680 3180 726
1688 3114 1708 3202 s
1718 3118 1801 3181 28
1824 3116 2069 3201 publici
2096 3116 2253 3178 iuris
2270 3114 2522 3199 factum

173 3225 260 3285 sit
317 3225 491 3308 sequi
556 3221 653 3304 (ex
717 3222 929 3286 Ovidii
989 3226 1331 3310 versibus)“
1399 3230 1466 3289 et
1528 3228 1761 3305 pergat
1819 3247 2055 3309 „neque
2117 3235 2323 3286 tamen
2378 3222 2523 3287 inde

174 3331 458 3415 sequitur
518 3329 827 3393 Tibullum
884 3330 1106 3415 eleyias
1163 3333 1424 3396 edidisse
1481 3330 1757 3416 sinyulas
1798 3343 1927 3394 aut
1973 3352 2220 3416 paucas
2282 3340 2523 3393 tantum

175 3438 650 3522 comprehensas
661 3462 682 3511 ,·
729 3438 917 3500 multo
964 3440 1093 3501 veri
1137 3440 1402 3501 similius
1448 3440 1689 3503 videtur
1734 3462 1891 3512 eum,
1940 3449 2008 3500 ut
2052 3448 2183 3500 tum
2228 3460 2361 3499 mos
2394 3447 2526 3499 erat

175 3545 575 3627 scriptorum,
652 3546 936 3608 carmina
993 3569 1108 3608 sua
1169 3547 1386 3608 amicis
1447 3568 1567 3632 quo
1626 3547 1693 3609 in
1755 3566 2011 3609 numero
2075 3555 2207 3608 erat
2268 3542 2525 3606 Ovidius

173 3650 527 3715 recitavisse
575 3674 693 3735 quo
733 3653 984 3737 factum
1039 3664 1125 3715 est
1177 3664 1244 3715 ut
1298 3676 1442 3716 mom
1496 3654 1998 3717 innotescerent“.
2122 3648 2285 3715 Nam
2348 3650 2525 3715 aliud

176 3764 284 3821 est
333 3758 555 3822 amicis
605 3758 889 3823 carmina
933 3757 1152 3839 legere
1194 3759 1289 3823 ita
1320 3765 1395 3822 ut
1433 3760 1661 3825 horum
1693 3760 2077 3841 perveniant
2107 3758 2173 3821 in
2206 3758 2522 3837 notitiam,

177 3864 365 3929 aliud
423 3862 668 3944 publici
721 3864 880 3929 iuris
943 3863 1176 3943 facere,
1241 3883 1368 3945 qua
1426 3866 1504 3930 de
1561 3884 1634 3930 re
1694 3865 1909 3929 dicere
1970 3864 2268 3929 Ovidium
2328 3881 2526 3943 supra

178 3971 618 4052 exposuimuS,
669 3971 762 4035 ita
809 3976 882 4035 ut
931 3971 1669 4063 omnes-cognoscantl).
1750 3972 1897 4036 Jam
1930 3969 2202 4051 elegiam
2234 3969 2327 4034 VI
2373 3974 2525 4033 ante

569 4088 611 4095 ..—

327 4127 372 4196 1)
409 4126 708 4181 Hankelius
751 4128 835 4181 vir
884 4128 1232 4183 doctissimus
1280 4128 1547 4181 iudicium
1589 4128 1795 4182 faciens
1845 4128 1910 4182 de
1958 4126 2225 4180 Schultzii
2271 4126 2528 4179 disserta-

175 4219 333 4271 tione
370 4233 564 4284 parum
598 4220 746 4271 recte
787 4218 836 4271 ei
875 4219 1172 4271 assentitur
1207 4218 1310 4270 ita:
1352 4217 1585 4283 „Tibulls
1620 4218 1783 4269 Name
1822 4221 1885 4269 ist
1922 4218 2151 4269 numnam·
2194 4213 2441 4287 (wal-28)
2478 4216 2528 4265 in

174 4310 311 4359 Rom
351 4308 609 4357 bekannt.“
680 4305 1090 4376 (Wochenschr.
1118 4306 1154 4361 f.
1183 4304 1344 4357 klass.
1371 4304 1512 4359 Phil.
1541 4305 1591 4359 V
1625 4306 1815 4373 (1888)
1849 4322 1899 4373 p.
1934 4305 2073 4374 172.)

2185 4401 2292 4453 2⁸²
