3075 5100
2472 351 2549 411 17

183 525 493 589 carmina
560 524 777 606 lepido
835 523 1010 607 cyclo
1069 524 1531 604 comprehensa
1588 542 1877 589 seorsum
1944 525 2223 608 edidisse
2284 530 2348 590 et
2412 544 2551 590 cum

181 633 442 696 librum
513 631 545 694 1
615 632 837 696 ederet
904 631 1139 695 iterum
1204 629 1436 695 ceteris
1506 630 1777 696 adiectis
1854 631 1921 695 in
1983 631 2190 697 lucem
2262 632 2555 698 emisisse

183 739 512 821 (namque
589 738 749 804 haec
810 738 1042 820 ratio¹)
1107 755 1145 800 a
1205 741 1494 803 veterum
1560 756 1740 802 more
1809 738 2001 820 plane
2068 739 2425 823 abhorret),
2498 739 2555 802 si

185 846 587 926 respicimus
649 863 758 910 eas
816 863 983 927 quae
1040 845 1133 909 ita
1191 845 1621 937 adnectuntur
1678 845 1919 927 elegias
1974 865 2055 912 ne
2104 848 2553 928 obtemperare

187 953 467 1034 quidem
515 952 664 1016 huic
711 951 922 1016 ordini
963 971 1038 1016 eo
1082 953 1340 1034 gravius
1375 950 1771 1018 offendimur.
1853 954 2065 1036 Atque
2130 953 2325 1032 aliud,
2385 952 2558 1034 quod

189 1078 526 1124 summum
605 1065 723 1139 est,
804 1059 1069 1125 accedit.
1211 1058 1645 1126 Baehrensius
1725 1061 1914 1140 enim,
2003 1064 2077 1124 ut
2152 1060 2285 1139 alii,
2364 1059 2554 1141 plane

188 1166 496 1248 neglexit
550 1183 891 1247 quaerere,
960 1183 1085 1247 qua
1141 1165 1246 1229 via
1301 1164 1567 1230 Ovidius
1626 1167 1708 1231 ad
1764 1168 2151 1232 sententiam
2209 1179 2263 1237 et
2316 1168 2447 1232 iam
2503 1178 2558 1231 te

177 1275 494 1359 principe
562 1285 741 1337 notus
811 1284 944 1336 erat
1010 1272 1402 1353 pervenerit.
1527 1273 1731 1339 Poeta.
1798 1279 2045 1342 autem,
2082 1274 2375 1342 versibus
2447 1274 2556 1356 qui

193 1381 604 1446 antecedunt
653 1380 808 1462 (447
846 1379 1014 1462 sqq.)
1063 1384 1412 1461 praecepta
1458 1377 1683 1445 furtivi
1731 1381 1967 1446 amoris
2016 1400 2055 1447 a
2099 1381 2352 1446 Tibullo
2402 1381 2557 1446 data

194 1489 286 1552 ad
338 1488 611 1553 verbum
659 1485 792 1552 fere
839 1486 1108 1568 repetiit
1154 1487 1362 1568 iisque
1409 1505 1538 1551 non
1586 1487 1679 1551 ita
1712 1487 1954 1570 elegias
2003 1507 2113 1556 eas
2164 1507 2323 1571 quas
2372 1485 2559 1552 affert

193 1594 646 1659 Baehrensius
679 1593 711 1656 1
756 1592 821 1656 II
863 1594 962 1657 III
996 1590 1414 1677 (quamquam
1462 1593 1528 1658 in
1577 1594 1642 1659 11
1686 1613 1893 1676 pauca
1924 1594 2288 1661 huiusmodi
2336 1596 2558 1676 legun-

194 1707 336 1784 tur,
375 1699 452 1766 cf.
484 1721 543 1767 v.
584 1702 662 1764 17
699 1718 858 1782 sqq„
897 1702 972 1764 21
1013 1701 1183 1783 sqq.)
1217 1701 1503 1782 respexit
1532 1705 1611 1765 ut
1660 1703 2019 1782 complures
2052 1721 2275 1768 versus
2310 1702 2557 1784 elegiae

197 1807 449 1873 Tibulli
497 1807 647 1872 libri
695 1807 886 1888 primi
933 1808 1023 1874 VI
1070 1808 1338 1893 (paucos
1373 1809 1456 1887 V)
1507 1809 1774 1873 carmini
1824 1827 1938 1875 suo
1986 1810 2263 1876 inseruit
2307 1809 2457 1874 hos:

581 2002 962 2066 Tibullus:
1822 2004 2169 2070 Ovidius:

395 2163 500 2242 VI,
524 2164 676 2226 7.8:
1620 2161 1856 2251 447s8:

197 2273 323 2336 illa
393 2271 640 2357 quidem
694 2281 821 2332 tam
879 2269 1073 2333 multa
1128 2282 1325 2354 περατ,
1440 2273 1683 2337 credere
1758 2274 1997 2337 iuranti
2078 2275 2308 2337 durum
2372 2285 2559 2359 putat

611 2378 718 2441 sed
743 2378 987 2441 credere
1019 2379 1332 2440 durum-st:
1894 2403 2019 2444 esse
2074 2380 2351 2444 Tibullus

298 2505 390 2567 sic
461 2503 644 2568 etiam
715 2503 791 2566 de
858 2525 954 2567 me
1027 2513 1332 2587 perneyat
1530 2505 1619 2567 sic
1670 2505 1855 2569 etiam
1910 2505 1983 2569 de
2047 2529 2108 2570 se
2168 2507 2334 2593 quod
2388 2518 2559 2591 ueyet

609 2632 802 2695 usque
847 2611 1000 2674 viro.
1895 2613 2009 2676 illa
2054 2615 2221 2678 viro:

396 2740 455 2799 9.
492 2736 602 2798 10:
1622 2734 1902 2823 449l50:

203 2846 362 2928 ipse,
437 2842 642 2914 miser,
704 2842 888 2904 docui
955 2863 1074 2926 quo
1122 2852 1334 2926 posset
1425 2845 1659 2930 fallere
1716 2846 2023 2909 custodem
2079 2846 2325 2908 demum
2371 2848 2558 2910 docu-

613 2948 822 3012 ludere
856 2960 1046 3033 pacto
1894 2953 2014 3017 isse
2046 2952 2305 3037 fatetur,

301 3072 614 3137 custodes:
660 3073 774 3137 heu
820 3072 935 3137 heu
983 3095 1146 3136 nunc
1181 3095 1333 3158 pre·
1531 3100 1711 3162 seque
1758 3098 1872 3139 sua
1919 3078 2211 3141 miserum
2266 3100 2431 3141 nunc
2472 3078 2561 3141 ait

613 3202 751 3244 mor
798 3192 930 3243 arte
975 3202 1130 3243 mea.
1901 3194 2033 3248 arte
2072 3185 2280 3270 premi
2292 3208 2311 3247 .·

394 3301 584 3391 25l6:
1627 3304 1851 3394 451s2:

209 3436 412 3499 saepe,
434 3413 595 3476 velut
612 3435 888 3497 yemmas
911 3412 1038 3477 eius
1057 3414 1334 3498 siynum-
1444 3436 1643 3500 saepe,
1706 3415 1866 3479 velut
1915 3438 2228 3499 yemmam
2274 3416 2561 3479 dominae

607 3542 721 3606 que
757 3520 1116 3605 probarem,
1898 3523 2213 3607 siynumve
2243 3524 2561 3608 probaret,

289 3668 417 3733 per
463 3668 717 3708 causam
761 3646 1017 3709 memini
1059 3669 1156 3709 me
1201 3646 1336 3709 teti-
1522 3671 1647 3733 per
1694 3671 1945 3711 causam
1992 3649 2271 3711 meminit
2324 3672 2385 3712 36
2430 3649 2563 3711 teti-

608 3752 769 3835 9isse
799 3776 1090 3815 manum.-
1893 3756 2055 3839 9isse
2101 3779 2393 3819 manum.-

355 4107 403 4176 1)
439 4106 646 4161 Vereor
680 4121 748 4158 ne
797 4104 972 4158 simile
1021 4105 1152 4174 quid
1197 4122 1307 4159 non
1352 4106 1624 4168 invenias3
1675 4105 1875 4159 etenim
1924 4104 2068 4177 quod
2114 4104 2320 4159 catulli
2364 4088 2563 4159 librum

215 4198 307 4266 qui
347 4212 489 4249 unus
528 4197 612 4248 est
649 4194 829 4247 critici
867 4192 964 4246 alii
1001 4193 1163 4249 aliter
1191 4194 1569 4249 dissecandum
1596 4197 1923 4248 curaverunt
1948 4194 2013 4247 de
2039 4198 2193 4248 recta
2216 4196 2306 4247 via
2341 4210 2563 4263 prorsus

214 4286 550 4342 aben-avere.

2212 4386 2243 4437 2
