3075 5100
535 351 620 414 82

533 525 940 606 inscripserit
973 523 1294 590 Martialis
1330 522 1435 606 (cf.
1471 521 1642 604 XIV,
1680 525 1739 602 2,
1772 541 1831 587 v.
1872 526 1926 599 1,
1961 522 2050 605 2),
2093 521 2393 587 dubitare
2424 519 2624 603 nesae,
2662 539 2883 586 nume-

536 651 753 698 rorum
801 632 1054 712 parium
1107 632 1231 694 184
1270 631 1395 694 186
1433 630 1558 693 188
1600 631 1723 694 190
1762 630 1885 692 192
1934 631 2046 702 „in
2092 630 2547 708 membranis“;
2596 630 2882 710 impares

537 743 753 804 autem
801 738 912 819 qui
957 735 1349 817 respondent
1400 736 1524 800 183
1565 735 1689 798 185
1731 735 1851 798 187
1907 736 2031 799 189
2070 737 2191 798 191
2244 735 2579 816 scriptoris
2628 739 2883 800 tantum

537 846 639 912 vel
687 863 918 909 nomen
962 843 1066 908 vel
1115 859 1276 923 opus
1335 841 1438 907 vel
1485 845 1830 921 utrumque
1878 841 2202 908 exhibent.
2298 840 2482 920 Quod
2527 841 2705 905 casui
2752 859 2885 905 non

537 949 906 1027 tribuerim3
956 949 1071 1015 sed
1119 949 1307 1013 credo
1341 951 1622 1029 poetam,
1673 965 1813 1012 cum
1860 948 1927 1011 in
1975 947 2187 1015 fronte
2237 948 2395 1031 cycli
2431 947 2697 1013 Homeri
2746 965 2886 1012 car·

539 1058 714 1122 mina
757 1055 1020 1121 heroica
1066 1056 1191 1120 duo
1249 1059 1317 1119 et
1363 1053 1635 1135 Vergilii
1681 1052 2031 1119 Aeneidem
2090 1073 2207 1136 per
2268 1071 2336 1119 se
2382 1055 2607 1135 utique
2652 1053 2887 1118 Batra-

543 1162 1063 1246 chomyomachia
1111 1167 1177 1226 et
1211 1159 1428 1226 Oulice
1459 1159 1851 1242 pretiosiora
1898 1162 2171 1225 materia
2213 1161 2623 1225 membranae
2651 1161 2888 1243 papyri

541 1270 806 1334 meliore
865 1288 936 1333 re
993 1287 1144 1333 vera
1201 1285 1344 1333 esse
1389 1265 1697 1346 firmaret,
1756 1267 1823 1330 in
1871 1267 2155 1349 reliquis,
2213 1284 2597 1349 quamquam
2646 1285 2889 1347 genera

543 1378 931 1458 scriptorum
978 1373 1292 1454 variabat,
1341 1378 1668 1439 tenentem
1718 1373 2027 1438 materiae
2078 1375 2447 1440 discrimina
2504 1391 2668 1454 quae
2716 1363 2889 1437 dona

544 1483 936 1566 pretiosiora
989 1480 1262 1545 haberet
1317 1479 1478 1546 satis
1533 1480 1707 1544 clare
1765 1478 2183 1562 significasse.
2279 1479 2634 1546 Teneamus
2684 1481 2889 1562 igitur

545 1589 1094 1671 apophoretorum
1169 1587 1516 1650 183-192
1597 1586 1886 1651 ordinem
1954 1588 2278 1669 integrum
2350 1591 2673 1652 servatum
2744 1604 2889 1652 esse

547 1715 692 1760 eum
761 1701 834 1760 ut
901 1693 1208 1776 pauperis
1277 1693 1516 1758 donum
1584 1692 1775 1757 vilius
1846 1692 1950 1777 (P)
2016 1693 2467 1774 praecederet,
2536 1694 2888 1774 pretiosius

549 1801 766 1867 divitis
845 1800 956 1884 (D)
1031 1802 1439 1881 sequeretur:
1527 1797 1809 1879 impares
1888 1799 2141 1864 numeri
2217 1799 2489 1880 pauperi
2558 1799 2888 1864 tribuendi

547 1913 717 1989 sunt,
767 1907 953 1972 diviti
998 1923 1209 1988 parea
1269 1905 1500 1987 quibus
1550 1905 1861 1969 materiae
1916 1905 2201 1970 melioris
2264 1910 2420 1970 nota
2474 1906 2541 1970 in
2587 1906 2890 1970 lemmate

549 2015 846 2082 adicitur.

727 2121 1004 2186 Restant
1049 2136 1156 2184 nn.
1212 2116 1582 2181 193-196.

727 2227 904 2291 Haec
936 2223 1338 2306 apophoreta
1385 2227 1695 2304 quattuor
1726 2223 2193 2304 quodammodo
2240 2222 2321 2288 ab
2370 2223 2463 2288 eis
2497 2241 2662 2305 quae
2709 2229 2890 2289 ante-

553 2333 787 2398 cedunt
832 2331 1050 2396 decem
1099 2329 1349 2411 seiungi
1394 2331 1713 2396 videntur.
1792 2329 2049 2394 Etenim
2094 2329 2195 2394 his
2244 2329 2500 2394 omnino
2549 2329 2735 2394 deest
2782 2331 2892 2395 ad-

553 2439 976 2504 ditamentum
1016 2435 1198 2515 illud,
1249 2455 1373 2517 quo
1408 2436 1627 2500 decem
1659 2438 1970 2503 donorum
2004 2454 2169 2517 quae
2202 2435 2591 2502 antecedunt
2621 2436 2893 2502 meliora

553 2553 881 2628 tamquam
929 2541 1248 2609 communi
1304 2541 1511 2608 vinclo
1574 2543 2229 2625 comprehenduntur,'
2283 2543 2393 2617 „in
2439 2543 2893 2619 membrani⁸“‚·

561 2654 731 2735 quod
787 2650 1107 2735 quispiam
1168 2649 1444 2715 coniciat
1504 2650 1953 2732 neglegentiae
2010 2649 2423 2715 librariorum
2482 2649 2896 2715 tribuendum

557 2778 718 2826 esse.
843 2758 982 2823 Hoc
1058 2755 1314 2821 videtur
1383 2756 1665 2821 sensisse
1742 2754 2073 2823 Gilbertus
2160 2756 2524 2837 suspicatus
2604 2756 2674 2836 (l.
2731 2756 2773 2821 l.
2831 2775 2891 2837 p.

557 2866 855 2946 XXXIV)
911 2865 1146 2929 lemma
1199 2881 1262 2927 n.
1318 2865 1444 2926 194
1500 2861 1700 2927 fuisse
1754 2861 1877 2927 hoc
1933 2862 2274 2936 „Lucanus
2328 2864 2397 2925 in
2451 2862 2890 2937 membrani3“,

555 2973 860 3054 opinatus
905 2969 1206 3035 videlicet
1250 2969 1374 3035 hoc
1419 2970 1655 3035 donum
1702 2986 1846 3034 esse
1892 2970 2241 3050 pretiosius
2288 2970 2460 3051 quod
2504 2970 2897 3052 respondeat

555 3077 670 3144 vili
723 3077 878 3141 195:
929 3074 1312 3156 ‚‚C¹atullus“‚
1370 3094 1429 3141 n.
1488 3076 1611 3140 193
1664 3080 1879 3158 autem
1928 3075 2299 3149 ‚,Pibullus“
2347 3075 2475 3141 vile
2537 3075 2638 3141 cui
2696 3094 2895 3157 oppo-

557 3189 749 3250 natur
794 3182 1023 3247 melius
1076 3184 1198 3246 192
1251 3180 1506 3257 „Ovidii
1550 3182 2077 3267 Metamoophoses
2122 3184 2190 3245 in
2234 3183 2678 3248 membranis“.
2753 3182 2897 3248 Dis-

559 3290 778 3357 tichon
825 3293 1042 3353 autem
1095 3289 1219 3353 192
1266 3307 1394 3354 non
1444 3307 1587 3353 cum
1618 3288 2034 3370 sequentibus
2082 3288 2429 3355 cohaerere
2476 3289 2589 3354 sed
2636 3288 2722 3353 ad
2776 3290 2892 3352 191

558 3396 966 3463 referendum
1023 3412 1166 3461 esse
1230 3396 1665 3477 exposuimuS,
1738 3412 1946 3476 neque
2002 3394 2312 3461 habemus
2383 3396 2551 3477 quod
2622 3396 2897 3460 vinclum

559 3505 723 3569 illud
795 3520 1125 3567 commune
1189 3519 1297 3568 nn.
1353 3502 1719 3567 183—192
1776 3500 2241 3586 epigrammate
2303 3504 2427 3566 192
2486 3502 2759 3583 abrepto
2826 3520 2898 3567 ex

562 3615 750 3693 parte
807 3609 1153 3675 deleamus.
1247 3608 1425 3685 Quae
1485 3608 1856 3673 coniectura
1902 3606 2110 3673 minus
2157 3607 2511 3689 probabilis
2558 3612 2678 3689 est,
2730 3608 2899 3690 quod

563 3719 706 3799 ipsa
752 3716 834 3781 ad
865 3732 1064 3781 novas
1098 3714 1500 3780 coniecturas
1546 3718 1620 3779 ut
1650 3710 2045 3796 refugiamus
2079 3715 2284 3796 cogit:
2334 3715 2573 3780 etenim
2616 3732 2701 3779 ne
2751 3714 2902 3797 quid

563 3825 646 3889 in‘
678 3821 805 3889 fine
852 3821 1107 3887 deesset
1154 3821 1693 3887 Friedlaenderus
1751 3824 1816 3885 et
1863 3818 2193 3887 Gilbertus
2239 3819 2453 3886 facere
2499 3838 2626 3885 non
2675 3826 2899 3903 potue-

565 3933 737 4009 runt,
791 3928 942 4011 quin
976 3932 1130 3993 ante
1168 3948 1230 3995 n.
1271 3930 1396 3993 196
1427 3947 1627 3993 unum
1658 3928 1971 3993 excidisse
2004 3932 2350 3993 sumerent.
2422 3927 2633 4005 Quare
2678 3928 2901 3995 utilius

567 4036 822 4102 videtur
869 4052 1200 4116 quaerere,
1249 4054 1400 4100 num
1446 4053 1611 4117 quae
1657 4034 1961 4115 rationeS‚
2022 4036 2076 4100 si
2126 4035 2413 4101 ordinem
2461 4034 2570 4116 qui
2624 4036 2900 4101 traditur

567 4144 892 4224 integrum
938 4141 1266 4222 habemus,
1339 4142 1744 4207 intercedant
1813 4147 1880 4208 et
1945 4142 2169 4222 quales
2223 4142 2397 4207 inter
2454 4142 2778 4208 Tibullum
2838 4147 2899 4207 et

570 4249 914 4329 Lucanum,
976 4246 1298 4313 Catullum
1361 4253 1427 4313 et
1476 4248 1758 4315 calvum.
1860 4249 1995 4314 Iam
2044 4267 2187 4313 cum
2244 4254 2399 4315 nota
2443 4251 2759 4316 materiae
2806 4266 2899 4314 re-

3050 4300 3055 4331 ἒ

3052 4548 3055 4585 Ι
