3075 5100
575 351 662 414 20

575 543 632 592 a.
667 520 914 608 726128
961 525 1328 606 scriptam
1387 541 1528 590 esse
1575 543 1761 589 nemo
1812 528 1914 589 est
1961 524 2070 606 qui
2126 527 2322 604 neget
2379 523 2632 605 utique;
2695 543 2917 606 quam-

577 648 768 713 quam
814 649 896 695 ne
943 630 1237 698 iuvamur
1284 631 1541 713 quidem
1589 630 1881 696 versibus
1917 628 2269 694 Ovidii¹ita
2317 634 2389 694 ut
2433 630 2556 696 hoc
2604 650 2921 712 ponamus

577 739 846 819 ipsaque
893 739 1084 817 rati0,
1134 755 1275 802 cum
1324 755 1412 802 cc.
1462 739 1492 803 I
1523 738 1582 802 V
1613 737 1678 801 11
1710 736 1798 800 VI
1830 737 2003 802 inter
2048 754 2251 801 annos
2285 741 2320 800 7
2330 733 2534 821 24130
2570 743 2637 802 et
2671 736 2921 822 727127

577 849 832 910 constet
864 845 1220 926 composita
1252 863 1414 927 esse,
1449 845 1637 911 docet
1669 861 1926 909 carmen
1952 842 2059 923 VI,
2088 843 2327 925 quippe
2360 845 2534 926 quod
2566 850 2920 910 extremum

573 951 785 1018 locum
819 952 1129 1032 obtineat,
1163 970 1288 1016 non
1323 950 1524 1018 multo
1563 957 1713 1016 ante
1746 951 1868 1017 VII
1900 950 1999 1034 (cf.
2032 969 2095 1031 p.
2134 953 2217 1015 25
2254 952 2374 1035 sq.)
2410 953 2722 1032 scriptum
2758 971 2917 1018 esse.

577 1058 706 1124 Sed
752 1064 967 1124 tamen
1016 1059 1227 1124 edita
1275 1063 1377 1124 est
1421 1058 1585 1122 haec
1630 1056 1841 1139 elegia
1886 1075 2003 1122 nec
2036 1056 2175 1122 sola
2205 1076 2323 1124 nec
2357 1058 2743 1140 quibusdam
2778 1061 2921 1125 aliis

577 1167 895 1232 adiunctis
943 1166 1234 1234 sed-una
1283 1183 1426 1230 cum
1473 1164 1769 1230 omnibus
1818 1181 1985 1246 quae
2032 1164 2153 1230 hoc
2198 1164 2365 1230 libro
2415 1165 2833 1231 continentur
2864 1185 2918 1232 a.

585 1271 830 1358 727727
904 1273 1252 1352 exeunte¹).
1373 1272 1458 1336 At
1528 1272 1853 1337 Tibullum
1923 1289 2181 1336 carmen
2238 1271 2411 1352 quod
2468 1278 2922 1353 composuerat

574 1380 950 1461 priusquam
1019 1378 1186 1444 libro
1249 1379 1561 1444 insertum
1626 1379 1849 1444 ederet
1894 1377 2395 1444 communicasse
2442 1396 2582 1445 cum
2630 1381 2859 1445 amicis
2874 1378 2920 1462 ²)

578 1486 842 1552 concedi
929 1490 1148 1567 potest
1228 1527 1304 1536 -
1383 1504 1769 1568 quamquam
1849 1485 2224 1567 quibuscum
2304 1486 2601 1567 equidem
2679 1488 2917 1552 nescio.

581 1592 954 1658 Messallam
1003 1593 1192 1673 enim,
1242 1593 1322 1658 de
1364 1612 1488 1674 quo
1521 1592 1931 1674 cogitaveris,
1981 1590 2331 1656 verisimile
2362 1597 2465 1656 est
2496 1597 2632 1656 tum
2664 1593 2733 1658 in
2769 1595 2919 1658 Asia

577 1699 836 1778 afuisse,
911 1700 989 1764 de
1050 1698 1276 1766 Ovidio
1347 1704 1585 1779 autem,
1656 1703 1731 1764 ut
1800 1698 2005 1763 credit
2062 1697 2424 1764 Schultzius
2496 1702 2586 1780 (p.
2630 1699 2767 1783 39),
2842 1720 2919 1764 ne

581 1807 852 1889 cogitari
931 1807 1187 1888 quidem
1264 1811 1504 1888 potest,
1584 1806 1824 1888 quippe
1902 1805 2013 1889 qui
2089 1806 2231 1888 ipse
2308 1811 2537 1887 postea
2609 1812 2919 1888 queratur

577 1913 684 1998 (cf.
717 1935 782 1997 p.
819 1917 856 1978 9
891 1934 950 1978 n.
993 1915 1060 1994 1)
1112 1914 1284 1996 quod
1330 1913 1466 1986 fata
1497 1913 1770 1978 amicum
1804 1930 1875 1976 se
1907 1911 2048 1976 fieri
2081 1912 2333 1978 Tibullo
2367 1932 2493 1978 non
2527 1931 2721 1994 passa
2772 1916 2918 1979 sint.

581 2021 764 2098 Quod
812 2021 1066 2088 etiamsi
1115 2020 1225 2084 illc
1273 2039 1401 2084 non
1448 2020 1806 2084 monuisset
1851 2022 2069 2084 tamen
2126 2020 2549 2085 crederemus,
2660 2021 2918 2086 Etenim

579 2146 721 2194 cum
757 2127 1048 2194 Tibullus
1081 2131 1440 2192 moreretur
1486 2126 1599 2190 ille
1630 2125 1999 2191 vicesimum
2032 2125 2299 2191 tertium
2340 2145 2577 2192 annum
2610 2127 2851 2208 agebat
2870 2127 2916 2212 3)

579 2240 646 2300 et
707 2253 786 2298 ne
845 2238 980 2298 tum
1040 2233 1296 2316 quidem
1355 2233 1593 2298 scimus
1662 2252 1816 2298 num
1884 2233 2183 2298 societati
2252 2232 2351 2298 illi
2420 2252 2613 2316 quam
2686 2242 2918 2300 vocant

577 2340 923 2407 Messallae
993 2341 1123 2406 iam
1193 2339 1581 2418 interfuerit,
1642 2340 1865 2421 itaque
1918 2338 2119 2404 multo
2182 2339 2392 2404 minus
2450 2341 2763 2405 credibile
2822 2346 2919 2408 est

581 2465 749 2513 anno
802 2449 833 2510 7
846 2445 1048 2532 26128
1099 2467 1137 2512 a
1185 2448 1438 2512 Tibullo
1472 2445 1771 2512 Ovidium
1819 2445 2389 2526 adulescentulum,
2442 2465 2711 2528 puerum
2758 2447 2913 2529 fere,

577 2557 693 2637 qui
740 2556 1054 2622 decimum
1101 2557 1394 2638 quintum
1443 2574 1680 2621 annum
1728 2554 1965 2635 agebat
2012 2554 2274 2635 dignum
2306 2554 2740 2622 existimatum
2776 2575 2916 2622 esse

583 2662 686 2727 cui
733 2680 986 2729 carmen
1038 2664 1357 2745 quoddam
1404 2663 1781 2745 priusquam
1826 2661 1893 2725 in
1916 2660 2254 2743 publicum
2286 2663 2579 2743 prodiret
2610 2664 2916 2729 recitare·

580 2774 718 2848 tur3
768 2788 968 2851 quare
1015 2770 1352 2835 Reischius
1397 2770 1496 2835 vir
1544 2767 1951 2835 doctissimus
2002 2768 2102 2833 cui
2149 2769 2343 2849 plane
2388 2772 2709 2835 assentior
2740 2777 2916 2837 recte

581 2876 742 2941 haec
791 2877 993 2941 sensit
1041 2876 1112 2961 (l.
1146 2876 1188 2940 l.
1225 2896 1286 2957 p.
1333 2878 1512 2957 119):
1564 2876 1712 2950 „Er
1749 2873 1967 2958 (Ovid)
2017 2876 2179 2941 hatte
2224 2872 2471 2961 726²l28
2514 2878 2647 2941 und
2692 2877 2916 2965 727l27

576 2985 794 3068 yewiss
859 2985 1018 3047 noch.
1086 2986 1283 3068 weniy
1353 2983 1567 3049 Anteil
1634 3008 1719 3047 an
1788 2984 1899 3047 der
1964 2983 2505 3066 zeityenocsischen
2566 2985 2916 3051 Litteratm·

577 3113 940 3175 yenommen
983 3092 1118 3154 und
1161 3092 1392 3155 scheint
1445 3092 1789 3175 iiber-haupt
1845 3100 1965 3153 erst
2019 3092 2088 3151 in
2144 3090 2263 3153 den
2310 3090 2554 3155 Jahren
2612 3094 2915 3157 732—35

579 3199 648 3261 in
715 3198 940 3263 mihera
996 3199 1374 3283 Bertihruny
1441 3200 1555 3263 mit
1612 3200 1730 3263 den
1784 3197 2084 3263 leitenden
2151 3199 2596 3263 litterar-iselam
2651 3200 2913 3265 Kreisen

575 3306 932 3391 yekomme‘n
977 3328 1056 3369 zu
1101 3306 1298 3370 sein.“

723 3588 767 3656 ¹)
803 3587 944 3640 Miro
981 3586 1139 3661 modo
1165 3586 1445 3641 Doncieux
1467 3587 1527 3658 (1.
1554 3588 1589 3640 1.
1617 3603 1669 3656 p.
1704 3591 1757 3642 ll
1790 3604 1843 3643 n.
1878 3587 1928 3656 1)
1966 3589 2180 3641 censuit
2215 3587 2536 3642 incredibile
2564 3604 2683 3641 esse
2721 3589 2913 3642 librum

581 3677 894 3730 universum
941 3694 975 3730 a
1022 3674 1240 3731 Tibullo
1286 3677 1405 3746 ipso
1455 3676 1660 3730 editum
1710 3692 1845 3744 esse,
1893 3678 2037 3746 quod
2085 3676 2293 3746 elegiae
2330 3676 2412 3732 IV
2451 3677 2582 3730 ordo
2632 3694 2912 3746 perversus

583 3764 749 3819 esset!
789 3764 960 3829 Quam
1000 3766 1366 3819 coniecturam
1403 3765 1487 3819 vir
1525 3766 1719 3819 doctus
1759 3766 1878 3835 (qui
1918 3768 2109 3835 captus
2150 3769 2234 3819 est
2267 3764 2562 3819 Ritschelii
2600 3768 2913 3835 quaestione

578 3854 919 3923 acutissima)
970 3855 1190 3909 missam
1243 3856 1424 3909 facere
1479 3855 1665 3923 potuit
1717 3855 1765 3910 si
1812 3854 2044 3911 Vahleni
2098 3854 2165 3907 de
2219 3854 2323 3908 hac
2360 3854 2539 3921 elegia
2585 3856 2915 3923 quaestionis

578 3943 635 4012 (l.
662 3944 700 3999 l.
726 3960 778 4013 p.
805 3947 908 4001 346
933 3944 1078 4015 sqq.)
1110 3944 1363 3998 notitiam
1399 3942 1696 3997 habuisset.

697 4032 766 4102 ·2)
804 4034 870 4087 cf.
896 4050 950 4102 p.
983 4036 1045 4088 12
1071 4051 1124 4086 n.
1152 4036 1200 4087 2.

724 4122 770 4192 3)
805 4122 1100 4193 Perperam
1157 4122 1383 4176 adnotat
1425 4121 1632 4175 Plessis
1685 4103 1915 4193 (I'Btudes
1972 4123 2233 4191 critiques
2280 4136 2375 4175 sur
2408 4120 2683 4189 Properce
2736 4124 2794 4175 et
2838 4138 2915 4173 ses
3028 4132 3030 4177 ἱ

583 4208 803 4279 elegias,
837 4212 993 4265 Paris
1037 4213 1190 4277 1884,
1227 4228 1279 4280 p.
1308 4213 1414 4265 204
1451 4227 1529 4280 sq.
1560 4229 1613 4267 n.
1643 4211 1725 4281 2):
1779 4212 1968 4275 „Ovide
2005 4212 2195 4263 n'avait
2231 4228 2320 4277 que
2367 4220 2597 4276 quator-ze
2643 4229 2706 4261 ou
2756 4213 2917 4275 quinze

581 4322 672 4353 ans
711 4304 884 4368 quand
928 4302 1116 4357 Tibulle
1151 4314 1222 4353 est
1257 4308 1432 4354 mort.“
