3075 5100
783 1283 1850 1384 Praemittitur

125 1469 831 1574 quaestiuncula
869 1470 977 1554 de
1015 1469 1423 1554 versibus
1459 1469 2001 1573 quibusdam
2028 1470 2489 1557 ovidianis

325 1593 488 1697 qui
544 1596 950 1698 spectant
1003 1595 1118 1678 ad
1173 1595 1402 1680 libri
1456 1594 1737 1699 primi
1791 1595 2307 1682 editionem.

318 1861 694 1945 Elegiarum
761 1861 998 1927 librum
1056 1862 1333 1943 primum
1393 1862 1473 1927 ab
1529 1861 1673 1942 ipso
1735 1861 1988 1927 Tibullo
2046 1864 2288 1929 editum
2347 1883 2489 1931 esse

126 1970 503 2035 rectissime
535 1969 656 2033 viri
687 1968 862 2034 docti
895 1970 1182 2050 credunt,
1216 1987 1603 2051 quamquam
1628 1968 2023 2035 disserentes
2048 1989 2173 2052 quo
2198 1975 2489 2052 tempore

128 2081 200 2142 et
265 2076 586 2158 quomodo
645 2074 857 2140 editus
914 2075 1002 2140 sit
1063 2075 1130 2140 in
1190 2075 1404 2140 varias
1462 2080 1686 2156 partes
1747 2075 2200 2142 discesserunt.
2310 2077 2492 2155 Quod
2581 2155 2585 2164 ¹

126 2184 376 2246 mirum
434 2201 560 2247 non
614 2185 733 2256 est,
802 2199 944 2246 cum
1007 2181 1073 2244 in
1136 2180 1296 2262 ipsis
1362 2180 1590 2263 elegiis
1652 2199 1981 2262 perpauca
2042 2183 2343 2264 legantur
2413 2202 2492 2249 ex

127 2290 376 2371 quibus
440 2293 616 2353 certa
676 2292 974 2368 tempora
1039 2305 1248 2353 eruas,
1365 2288 1608 2353 Extant
1672 2292 1890 2353 autem
1952 2289 2267 2355 eiusmodi
2340 2290 2488 2355 duo,

126 2395 434 2477 Elegiam
468 2394 635 2459 enim
669 2393 931 2459 tertiam
970 2398 1166 2474 poeta
1198 2394 1557 2476 composuit
1591 2413 1733 2460 cum
1766 2395 2137 2461 Messallam
2168 2396 2236 2461 in
2269 2397 2489 2462 Asiam

129 2507 482 2570 secuturus
547 2501 728 2584 gravi
793 2500 1016 2566 morbo
1070 2499 1422 2582 implicitus
1479 2499 1798 2586 Corcyrae
1856 2508 2249 2585 remaneret,
2318 2504 2490 2586 quod

128 2609 383 2675 factum
454 2614 553 2675 est
617 2628 744 2675 uno
817 2627 984 2673 anno
1053 2613 1205 2689 post
1273 2628 1555 2691 pugnam
1614 2610 1944 2676 Actiacam
2016 2629 2155 2676 cum
2226 2611 2489 2677 interim

131 2717 452 2783 Messalla
519 2717 700 2783 brevi
759 2716 1147 2797 AquitanoS,
1219 2735 1449 2799 nempe
1520 2718 1706 2783 annis
1768 2713 2008 2803 723l31
2078 2722 2351 2784 exeunte
2421 2724 2490 2783 et

133 2821 396 2910 724l3o
441 2824 724 2904 ineunte,
776 2823 1136 2889 devicisset.
1231 2824 1456 2889 Altera
1501 2826 1813 2908 temporis
1862 2823 2153 2891 definitio
2203 2824 2377 2890 cadit
2420 2825 2487 2891 in

132 2931 420 3013 elegiam
477 2930 847 3012 septimam:
908 2927 1061 2995 fasti
1119 2930 1285 2994 enim
1344 2927 1698 3013 Capitolini
1756 2932 2061 2998 exhibent
2114 2931 2485 2997 Messallam

131 3058 192 3103 a.
254 3038 315 3103 d.
364 3036 486 3102 VII
531 3033 666 3101 Gal.
705 3035 844 3101 Oct.
893 3055 951 3101 a.
983 3033 1227 3120 727s27
1278 3054 1356 3101 ex
1405 3037 1754 3119 Aquitania
1800 3038 2256 3121 triumphasse,
2307 3037 2485 3103 cuius

129 3144 452 3226 triumphi
484 3142 561 3208 fit
589 3144 831 3209 mentio
863 3143 931 3208 in
963 3143 1083 3209 hoc
1115 3145 1395 3209 carmine
1429 3145 1602 3227 quod
1624 3144 1968 3212 Messallae
1998 3145 2167 3210 diem
2204 3144 2487 3210 natalem

131 3272 335 3337 quem
381 3251 572 3334 paulo
619 3255 772 3334 post
818 3252 953 3335 egit
1001 3250 1301 3317 celebrat.

321 3360 457 3425 Iam
503 3359 860 3442 quaeritur,
907 3378 1061 3423 num
1109 3377 1274 3440 quae
1320 3358 1490 3424 inter
1537 3364 1685 3425 octo
1732 3377 1809 3424 ea
1840 3377 2004 3441 quae
2036 3357 2488 3440 relinquuntur

133 3468 429 3537 carmina
462 3504 545 3514 —
581 3485 723 3532 cum
768 3467 913 3548 ipsa
959 3484 1076 3547 per
1123 3484 1194 3531 se
1239 3482 1430 3530 ansas
1476 3465 1836 3547 praebeant
1863 3464 2077 3530 nullas
2112 3502 2193 3511 -
2229 3469 2297 3529 et
2326 3464 2486 3529 haec

133 3580 267 3644 duo
315 3575 724 3641 intercedant
753 3572 1060 3653 rationeS‚
1112 3577 1184 3637 ut
1231 3572 1286 3637 si
1333 3591 1461 3637 non
1509 3572 1909 3653 singulorum
1942 3572 2293 3637 carminum
2324 3576 2487 3637 tem-

131 3702 305 3765 pora
359 3687 536 3748 certe
591 3680 861 3747 definire
917 3680 1207 3746 ordinem
1254 3684 1470 3744 tamen
1515 3679 1947 3761 probabiliter
1992 3697 2217 3744 eruere
2264 3679 2487 3761 itaque

135 3790 298 3873 quid
366 3792 722 3853 extremum
789 3786 876 3853 sit
939 3786 1316 3868 colligentes
1373 3804 1498 3867 quo
1557 3790 1849 3866 tempore
1904 3783 2069 3850 liber
2128 3784 2341 3850 editus
2388 3785 2487 3850 'sit

133 3893 567 3979 probabiliter
624 3897 912 3959 statuere
968 3892 1308 3974 possimus,
1413 3890 1614 3968 Quam
1672 3892 2113 3973 quaestionem
2170 3890 2485 3956 lubricam

136 4021 288 4069 esse
331 4019 520 4066 nemo
567 4001 846 4083 ignorat.
924 4000 1010 4065 Et
1053 3998 1213 4063 haec
1244 4014 1349 4063 res
1383 3996 1760 4079 saepissime
1794 4015 1833 4061 a
1867 3997 2107 4063 criticis
2138 3996 2415 4063 Disseno
2433 3994 2483 4080 ¹)

284 4236 330 4306 1)
363 4233 399 4289 1.
438 4232 476 4286 1.
514 4231 558 4301 1,
593 4249 646 4302 p.
675 4230 833 4287 XVII
858 4248 975 4301 sqq.
