3075 5100
2459 346 2539 408 87

1089 787 1659 890 Thesea

250 1033 306 1108 1,
359 1028 585 1094 Aesch.
621 1029 736 1110 Ag.
772 1048 831 1094 v.
869 1033 936 1094 7:

631 1134 921 1220 ἀστέρας,
973 1131 1126 1200 ὅταν
1173 1138 1520 1219 φθίνωσιν,
1568 1129 1847 1210 ἀντολάς
1892 1159 1958 1197 τε
1998 1125 2132 1200 ’τῶν

363 1258 552 1322 quem
598 1241 892 1324 plerique
940 1241 1351 1322 damnabant,
1403 1240 1748 1322 genuinum
1794 1239 2019 1307 habe0.

251 1349 314 1412 2.
361 1347 516 1412 ibid.
551 1366 648 1413 vv.
687 1349 813 1412 337
829 1350 994 1413 -40
1044 1348 1366 1432 (Weckl.):

633 1458 704 1518 οἳ
743 1455 866 1534 μὲν
911 1453 1032 1539 γὰρ
1080 1449 1253 1538 ἀμφὶ
1299 1453 1592 1538 στόμασιν
1637 1450 2034 1526 πεπτωκότες

630 1555 892 1643 ἀνδρῶν
939 1559 1340 1642 κασιγνήτων
1387 1582 1452 1622 τε
1497 1563 1607 1620 καὶ
1656 1559 2038 1642 φυταλμίων

629 1666 852 1740 παῖδες
898 1663 1214 1750 γερόντων
1261 1661 1457 1730 οὐκέτ’
1503 1665 1578 1744 ἐξ
1620 1665 1971 1750 ἐλευθέρου

631 1772 810 1858 δέρης
856 1769 1302 1855 ἀποιμώζουσι
1348 1769 1679 1855 φιλτάτων
1723 1769 1944 1856 μόρον,

361 1899 401 1944 a
431 1879 588 1945 viris
622 1879 828 1946 doctis
863 1879 1008 1946 aliis
1041 1879 1232 1944 aliter
1263 1878 1566 1959 temptati
1606 1877 1673 1942 in
1718 1878 1853 1943 cod.
1894 1877 1979 1942 M.
2012 1882 2189 1944 reete
2220 1879 2542 1962 leguntur.

257 1986 314 2050 3.
363 1985 518 2051 ibid.
553 2007 611 2052 v.
649 1988 817 2050 1660
865 1984 1156 2069 (Weckl.)
1203 1986 1406 2067 probo
1453 1985 1797 2050 lectionem
1845 1984 1980 2050 cod.
2017 1985 2276 2050 Veneti:

633 2093 941 2176 δαίμονος
989 2091 1176 2180 χηλῇ
1223 2093 1462 2174 βαρείᾳ
1511 2090 1836 2171 δυστυχῶς
1884 2091 2335 2176 πεπληγμένοι.

361 2199 506 2264 Non
554 2203 728 2265 recte
761 2197 1131 2264 Dindorfius
1163 2197 1433 2264 Weilius
1482 2196 1594 2261 alii
1642 2197 2085 2265 Florentinum
2134 2199 2321 2288 χολῇ
2372 2199 2546 2263 exbi-

361 2305 620 2371 bentem
665 2306 870 2371 secuti
917 2309 1085 2370 sunt.

259 2411 315 2474 4.
388 2409 618 2476 Aesch.
664 2410 842 2493 Sept.
887 2416 1038 2476 ante
1096 2429 1156 2478 v.
1203 2411 1326 2475 178
1387 2410 1684 2475 lacunam
1756 2428 1897 2474 esse
1943 2409 2314 2476 Dindorfius
2370 2416 2547 2478 reete

362 2517 700 2585 intellexit.
797 2517 998 2596 Quam
1046 2517 1339 2583 existimo
1385 2535 1506 2583 neo
1554 2516 1854 2583 Weilium
1901 2535 2089 2585 versu
2146 2518 2422 2599 quodam
2472 2538 2549 2585 ex

365 2624 691 2691 codicibus
736 2622 1204 2691 recentioribus
1244 2627 1503 2704 recepto
1540 2622 1637 2706 (cf.
1676 2623 1876 2704 praef.
1913 2624 2010 2688 ed.
2046 2644 2102 2689 a.
2145 2626 2335 2705 1884,
2369 2645 2431 2706 p.
2468 2625 2545 2707 V)

366 2730 704 2797 sustulisse
751 2749 871 2796 neo
899 2730 1321 2812 Wecklinum,
1372 2732 1480 2812 qui
1526 2750 1623 2796 vv.
1664 2728 1860 2817 182j3
1894 2730 2019 2797 huo
2064 2729 2548 2797 transferendos

367 2855 508 2902 esse
558 2837 845 2903 coniecit.
901 2826 906 2829 ’

267 2945 321 3007 5.
371 2943 565 3024 Soph.
601 2943 700 3010 Ai.
734 2962 832 3009 vv.
867 2940 1141 3029 669l70:

635 3048 745 3112 καὶ
824 3051 950 3134 γὰρ
1019 3047 1096 3111 τὰ
1171 3049 1354 3113 δεινὰ
1425 3054 1534 3113 καὶ
1610 3050 1693 3113 τα
1776 3047 2221 3134 καρτερώτατα

634 3166 901 3237 τιμαῖς
955 3150 1202 3219 ὑπείκει
1249 3175 1388 3237 sqq.

369 3262 436 3326 in
483 3261 916 3327 Laurentiano
964 3266 1140 3329 recte
1185 3262 1506 3345 leguntur.
1586 3261 1729 3327 Non
1761 3265 1913 3345 apte
1948 3261 2274 3327 Meklerus
2308 3261 2543 3345 ἕτοιμ’

372 3368 804 3434 coniecturam
850 3368 917 3433 in
963 3374 1210 3441 textum
1257 3366 1575 3433 Dindorfii
1621 3369 1884 3449 recepit.

263 3479 317 3540 6.
369 3476 538 3541 Plut.
583 3475 823 3541 conviv.
872 3479 908 3538 7
970 3474 1160 3559 (Plut.
1205 3474 1426 3541 moral.
1475 3475 1570 3539 ed.
1615 3474 2074 3555 Bernardakis,
2136 3475 2312 3555 Lips.
2354 3476 2542 3555 1888,

369 3583 490 3647 vol.
526 3582 575 3646 Ι.
611 3601 672 3663 p.
709 3582 859 3662 371,
897 3581 1004 3664 21)
1053 3580 1147 3646 sio
1188 3580 1534 3662 legendum
1584 3598 1726 3646 esse
1774 3598 2032 3646 censeo:

463 3740 475 3753 .
522 3735 536 3750 .
593 3686 696 3751 οἷα
731 3692 838 3750 καὶ
885 3689 1046 3771 πρὸς
1090 3682 1255 3769 ἡμᾶς
1302 3689 1391 3762 εἷς
1425 3689 1767 3767 Αἴγυπτον
1815 3682 2195 3771 ἀπηγγέλθη
2243 3690 2387 3770 περὶ
2431 3687 2550 3748 Χί-

458 3794 679 3875 λωνος,
721 3790 811 3868 ὥς
859 3792 991 3879 ἄρα
1039 3790 1418 3858 διαλύσαιτο
1465 3794 1579 3877 τήν
1624 3794 1787 3878 πρός
1837 3792 2112 3857 Σόλωνα
2166 3790 2397 3874 φιλίαν
2442 3797 2551 3856 καὶ

456 3904 694 3980 ξενίαν,
730 3896 828 3963 ὅτι
857 3898 1002 3975 τοὺς
1032 3897 1269 3983 νόμους
1299 3897 1333 3964 ὃ
1366 3898 1595 3965 Σόλων
1626 3899 1747 3984 ἐφη
1777 3901 2326 3984 μετακινήτους
2356 3900 2549 3965 εἶναι.

370 4008 736 4073 Hercherus
771 4006 1198 4071 coniecturam
1228 4007 1556 4071 Doehneri
1587 4002 2227 4088 ἆμετακινήτους,
2275 4005 2552 4070 Bernar-

374 4113 557 4179 dakis
591 4113 802 4178 editor
834 4112 1317 4179 recentissimus
1351 4112 1832 4194 Wyttenbachii
1861 4111 1956 4196 μὴ
1989 4110 2366 4195 μετακινή
2376 4132 2552 4185 τους

372 4239 497 4286 non
545 4224 721 4285 recte
765 4219 1222 4301 probaverunt.
