3075 5100
533 330 616 392 32

525 504 817 569 ultimam
865 504 972 588 (de
1020 523 1146 586 qua
1190 523 1264 570 re
1311 502 1386 569 cf.
1430 505 1470 569 i.
1521 524 1585 586 p.
1621 507 1705 568 42
1730 505 1897 588 sqq.)
1948 504 2237 570 Tibullus
2294 506 2665 570 adamasset
2716 524 2895 570 com-

527 629 885 678 memorare
951 611 1282 676 voluisset.
1398 612 1611 677 Tenor
1676 617 1895 676 autem
1952 612 2265 679 orationis
2329 613 2519 677 docet
2579 611 2891 676 Ovidium

527 738 656 783 non
703 717 768 781 id
817 718 1210 799 spectavisse
1259 737 1421 800 quas
1469 718 1581 783 ille
1629 719 1953 784 cecinerat
1986 719 2237 800 puellas
2268 726 2345 784 ut
2377 718 2893 784 communicaret

529 844 670 890 cum
717 824 1068 890 lectoribus
1117 861 1199 872 -
1248 825 1370 890 hoc
1419 830 1594 889 certe
1642 823 1817 905 ipsos
1864 825 2040 890 haud
2085 825 2485 906 ignoravisse
2532 825 2893 906 apparebit

527 968 614 978 —
684 931 798 997 sed
866 935 1049 1011 patet
1107 950 1253 995 eum
1323 932 1625 1012 gaudere,
1688 932 1862 1012 quod
1942 936 2167 996 contra
2224 932 2455 998 Mortis
2516 931 2890 997 terribilem

487 1026 807 1118 'speciem
855 1037 1218 1118 praedicari
1265 1044 1332 1101 et
1376 1038 1443 1102 in
1490 1039 1864 1104 memoriam
1908 1037 2266 1120 legentium
2320 1039 2615 1104 revocari
2669 1039 2887 1120 possit

528 1150 926 1228 quantopere
957 1143 1094 1209 fata
1122 1144 1335 1226 poetis
1369 1145 1805 1221 consulerent:
1858 1164 2130 1226 quorum
2160 1147 2218 1211 si
2250 1165 2523 1227 corpora
2551 1146 2889 1226 perissent

526 1272 722 1334 opera
768 1257 982 1317 tamen
1016 1271 1244 1317 nomen
1277 1253 1549 1319 reddere
1598 1253 2079 1334 sempiternum,
2130 1260 2196 1318 et
2236 1254 2415 1320 velut
2446 1253 2715 1318 Homeri
2750 1255 2883 1320 duo

527 1359 814 1424 carmina
867 1358 1067 1422 heroa
1126 1359 1516 1438 immortalia
1571 1357 1745 1423 facta
1807 1365 2024 1424 essent
2078 1359 2173 1424 ita
2235 1358 2473 1424 Tibulli
2533 1359 2884 1440 ,‚Deliam“

527 1471 594 1530 et
642 1451 1052 1545 „Nemesim“
1111 1465 1352 1547 quippe
1409 1485 1678 1547 quarum
1736 1485 1987 1531 amores
2036 1467 2274 1532 litteris
2323 1466 2612 1532 mandati
2660 1471 2887 1534 essent

526 1572 786 1654 longum
843 1590 1070 1636 nomen
1128 1571 1464 1637 habituras
1523 1589 1687 1636 esse.
1790 1573 2005 1654 Atque
2063 1572 2223 1638 haec
2277 1572 2475 1638 verba
2531 1571 2723 1637 aliter
2774 1591 2885 1636 ex·-

525 1679 755 1761 plicari
822 1697 947 1743 non
1005 1696 1196 1759 posse
1256 1679 1717 1760 progrediente
1774 1680 2155 1760 quaestione
2210 1679 2595 1761 praesertim
2650 1679 2713 1744 si
2768 1697 2883 1744 eos

525 1788 636 1869 qui
668 1789 733 1851 in
767 1785 1158 1850 contrariam
1189 1791 1442 1866 partem
1467 1785 1913 1852 disseruerunt
1938 1787 2390 1871 disseruntque
2425 1787 2880 1866 audiverimuS,

525 1894 731 1975 magis
779 1892 1114 1974 magisque
1160 1892 1432 1973 patebit.

706 2000 833 2066 Sed
878 1996 1164 2063 Hillerus
1211 2000 1308 2064 vir
1357 1999 1767 2063 doctissimus
1816 2000 1925 2080 qui
1972 2004 2171 2082 negat
2227 2000 2463 2065 librum
2522 2001 2882 2066 secundum

523 2126 562 2171 a
595 2106 846 2172 Tibullo
883 2105 1125 2170 editum
1158 2124 1300 2170 esse
1333 2104 1439 2188 (cf.
1474 2106 1517 2170 i.
1553 2125 1614 2187 p.
1646 2106 1748 2185 63,
1779 2126 1841 2186 p.
1877 2110 1955 2170 71
1986 2106 2113 2189 sq.)
2148 2107 2418 2173 adnotat
2448 2107 2608 2172 haec
2640 2107 2878 2189 (praef.

529 2215 624 2279 ed.
676 2234 740 2295 p.
773 2213 985 2296 XIII):
1037 2211 1372 2287 „Ovidium
1419 2236 1558 2276 cum
1610 2212 1865 2297 eleyiam
1912 2216 1981 2278 in
2030 2216 2261 2280 obitum
2316 2215 2377 2276 T
2367 2214 2545 2276 z'bulli
2589 2215 2881 2278 scriberet

525 2321 874 2384 carminum
933 2321 1018 2383 ad
1062 2319 1382 2384 Nemesim
1431 2320 1881 2404 pertinentium
1937 2321 2219 2386 habuisse
2274 2323 2558 2386 notitiam
2617 2344 2743 2384 non
2793 2333 2883 2384 est

527 2429 692 2513 quod
737 2428 1100 2491 miremur.“
1183 2426 1364 2504 Quod
1411 2426 1707 2509 equidem
1756 2427 2147 2493 reiciendum
2184 2446 2327 2494 esse
2361 2446 2589 2494 censeo
2624 2428 2879 2494 duabus

527 2536 606 2600 de
641 2535 869 2601 causis,
951 2533 1116 2599 Nam
1148 2534 1427 2616 primum
1459 2535 1718 2616 quidem
1752 2534 2052 2601 Ovidium
2085 2536 2439 2602 carminum
2468 2535 2877 2617 quorundam

528 2642 765 2707 Tibulli
813 2643 1094 2707 nondum
1143 2641 1461 2705 editorum
1493 2641 1791 2706 notitiam
1822 2641 2062 2707 habere
2095 2662 2222 2709 non
2253 2643 2542 2724 potuisse
2574 2647 2647 2707 ut
2681 2661 2883 2724 supra

527 2749 614 2831 (p.
669 2749 783 2833 20)
833 2748 1412 2815 demonstravimus
1463 2754 1687 2813 contra
1735 2748 2129 2814 Schultzium
2177 2751 2273 2814 ita
2317 2750 2381 2815 h.
2430 2751 2473 2814 l.
2523 2750 2735 2815 denuo
2786 2748 2883 2813 af-

525 2855 870 2922 firmamus,
968 2856 1128 2920 Tum
1183 2861 1428 2937 autem,
1486 2859 1562 2920 ut
1631 2856 1930 2921 notitiam
2000 2856 2275 2923 haberet
2336 2874 2499 2921 unus
2549 2875 2585 2921 e
2630 2856 2877 2936 multiS,

525 2982 678 3029 num
725 2962 1060 3044 epicedion
1107 2962 1298 3027 huius
1346 2963 1603 3046 generis
1652 2980 2034 3045 componere
2080 2964 2297 3045 potuit
2343 2965 2410 3029 in
2454 2982 2645 3029 usum
2675 2964 2881 3029 lecto-

525 3091 670 3137 rum
715 3090 937 3135 eorum
993 3070 1103 3151 qui
1159 3070 1225 3135 in
1281 3070 1559 3134 maxima
1606 3070 1833 3135 harum
1880 3069 2232 3151 elegiarum
2282 3071 2689 3151 ignoratione
2736 3088 2880 3135 ver-

525 3177 878 3243 sabantur?
982 3176 1204 3260 Neque
1257 3195 1411 3242 vero
1479 3178 1752 3259 cogitari
1806 3177 1963 3243 licet
2022 3178 2103 3242 de
2158 3178 2427 3260 singulis
2484 3177 2879 3243 carminibus

526 3284 807 3350 nondum
879 3284 1100 3363 editis;
1183 3302 1459 3367 namque
1537 3284 1711 3365 quod
1780 3303 1925 3349 cum
1994 3283 2243 3349 duobus
2290 3284 2676 3349 Homericis
2748 3285 2876 3349 duo

528 3390 892 3457 Tibulliana
955 3397 1410 3472 comparantur
1477 3391 1667 3457 docet
1731 3391 1812 3456 ad
1870 3410 2069 3473 opera
2114 3390 2415 3457 confecta
2472 3396 2669 3473 atque
2728 3408 2880 3456 con-

527 3500 704 3565 clusa
751 3497 1045 3563 Ovidium
1104 3499 1518 3579 spectavisse.
1615 3498 1734 3577 Qui
1781 3497 2083 3563 videlicet
2140 3497 2303 3563 nihil
2350 3496 2497 3561 novi
2544 3494 2737 3561 affert
2783 3495 2876 3560 eis

525 3605 636 3687 qui
682 3624 810 3669 una
851 3623 992 3668 cum
1026 3605 1166 3686 ipso
1203 3605 1619 3671 vehementer
1650 3605 1897 3671 obitum
1928 3604 2270 3671 tersissimi
2300 3608 2535 3686 poetae
2566 3602 2877 3669 dolebant

527 3730 670 3777 cum
715 3716 976 3777 moneat
1021 3712 1277 3777 Deliam
1325 3718 1390 3777 et
1427 3712 1766 3777 ‘Nemesim
1816 3712 2204 3777 carminibus
2248 3711 2330 3775 ab
2364 3710 2475 3776 illo
2510 3710 2875 3775 celebratas

526 3837 668 3884 esse
726 3823 793 3882 et
846 3820 1108 3901 longum
1174 3804 1405 3884 nomen
1469 3818 1835 3895 habituras,
1904 3820 2017 3885 sed
2074 3836 2239 3901 quae
2296 3818 2393 3881 illi
2446 3817 2742 3883 sciebant
2798 3834 2876 3882 ea

523 3914 832 4005 facultate
890 3925 1043 3990 data
1097 3926 1323 3991 laudat
1379 3930 1451 3990 ut
1505 3934 1817 4007 quantum
1874 3926 2148 4008 quisque
2199 3925 2320 3990 hoc
2375 3930 2571 4006 poeta
2616 3930 2872 3991 mortuo

525 4032 816 4096 amiserit
871 4051 944 4097 eo
1005 4033 1262 4114 gravius
1320 4032 1385 4096 in
1445 4035 1820 4098 memoriam
1875 4038 2151 4099 revocet.
2245 4031 2411 4095 Nam
2458 4048 2715 4095 carmen
2774 4037 2875 4097 est

526 4138 877 4219 epicedion,
915 4139 980 4201 in
1013 4140 1132 4203 tali
1167 4144 1400 4217 autem,
1439 4140 1609 4219 quod
1643 4140 1901 4220 quidem
1935 4144 2183 4220 spectet
2215 4138 2296 4202 ad
2319 4139 2529 4202 virum
2552 4139 2872 4203 illustrem

526 4251 592 4310 et
637 4251 773 4310 tum
823 4251 888 4311 et
933 4246 1126 4313 hodie
1173 4246 1386 4312 luctus
1435 4245 1765 4335 dolorque·
1794 4247 1965 4329 quod
2014 4246 2109 4311 vir
2154 4251 2447 4311 mortuus
2506 4246 2591 4311 sit
2648 4250 2715 4311 et
2762 4248 2871 4311 ad·
