3075 5100
2452 377 2535 440 49

165 549 533 632 eodemque
591 568 760 614 anno
817 547 1128 631 Glycerae
1193 550 1436 631 elegias
1482 549 1925 616 determinari.
2020 551 2233 634 Atque
2280 554 2535 619 videtur

163 656 308 737 ipse
343 675 558 722 annus
586 673 710 736 quo
741 657 866 722 hae
913 657 1196 737 scriptae
1245 657 1377 721 sint
1424 661 1599 722 certe
1646 656 1781 722 fere
1831 658 2124 724 evadere.
2219 659 2533 742 Exposui-

161 781 310 828 mus
363 781 568 845 supra
622 762 856 828 librum
902 762 1184 843 primum
1229 763 1421 845 paulo
1468 769 1618 844 post
1664 782 1717 830 c.
1744 764 1866 830 VII
1912 764 2268 830 confectum
2313 767 2380 831 in
2428 767 2525 831 lu·

165 890 308 936 cem
341 870 670 954 prodiisse
705 888 760 933 a.
793 865 1036 953 727127
1078 874 1378 947 exeunte3
1427 871 1789 936 monuimus
1823 876 1961 936 tum
1994 869 2086 957 (p.
2114 874 2199 936 26
2222 873 2341 954 sq.)
2371 891 2535 954 quae

161 980 340 1044 ratio
395 977 798 1044 intercedere
855 975 1186 1040 videretur
1240 977 1412 1042 inter
1459 977 1607 1042 libri
1654 976 1846 1058 primi
1894 996 1945 1043 c.
1974 978 2095 1043 VII
2142 984 2209 1044 et
2268 980 2533 1044 secundi

163 1104 214 1151 c.
242 1086 278 1150 I
337 1092 544 1167 atque
610 1082 957 1149 verisimile
1015 1101 1158 1148 esse
1216 1083 1374 1150 haec
1441 1085 1727 1152 carmina
1792 1086 2103 1166 temporis
2191 1086 2534 1153 intervallo

162 1213 367 1274 quam
418 1191 794 1258 brevissimo
843 1190 1135 1254 seiuncta
1182 1189 1406 1270 fuisse;
1458 1208 1659 1272 quare
1706 1195 1778 1255 ut
1811 1189 2095 1256 Marathi
2144 1193 2389 1276 elegiae
2436 1195 2533 1260 ita

163 1299 497 1382 Glycerae
543 1317 696 1363 num
743 1301 920 1362 recte
965 1297 1136 1362 inter
1183 1298 1344 1364 haec
1391 1299 1516 1363 duo
1563 1297 2061 1379 interponantur
2108 1299 2533 1366 dubitaveris.

165 1406 364 1484 Quod
417 1407 474 1471 si
522 1425 601 1470 ex
657 1405 751 1470 eis
799 1422 960 1486 quas
998 1403 1126 1468 iam
1177 1405 1512 1470 attulimus
1562 1405 1772 1470 causis
1816 1410 2004 1486 patet
2050 1406 2362 1489 Glycerae
2408 1408 2535 1473 ele—

164 1514 313 1594 gias
365 1517 546 1593 post
592 1511 744 1576 libri
791 1509 1055 1576 secundi
1103 1510 1472 1592 editionem,
1523 1513 1640 1578 sed
1688 1517 1837 1579 ante
1870 1531 1925 1579 a.
1961 1510 2206 1600 731J23
2258 1517 2536 1597 scriptas

163 1639 340 1701 esse,
396 1620 471 1699 si,
510 1619 870 1701 cogitantes
919 1617 1068 1682 libri
1107 1619 1300 1698 primi
1347 1619 1609 1685 maioris
1644 1619 1885 1702 elegias
1932 1621 2118 1686 annis
2164 1619 2301 1687 fere
2348 1623 2533 1704 quin-

164 1747 296 1808 que
365 1726 754 1807 compositas
813 1744 982 1806 esse,
1050 1725 1218 1790 libro
1267 1727 1547 1792 secundo
1596 1725 1859 1792 dimidio
1906 1726 2043 1792 fere
2090 1728 2323 1795 minori
2372 1730 2531 1794 duos

165 1834 273 1898 vel
309 1839 452 1898 tres
484 1829 752 1911 annos¹)
786 1832 1160 1900 tribuimus:
1209 1833 1423 1900 facere
1471 1853 1599 1901 non
1646 1851 1984 1915 possumus
2034 1835 2189 1915 quin
2222 1834 2535 1917 Glycerae

169 1941 426 2022 elegias
459 1940 600 2020 ipso
635 1957 801 2004 anno
836 1937 1082 2025 7311'23
1116 1941 1215 2007 vel
1248 1942 1442 2024 paulo
1477 1946 1629 2007 ante
1661 1947 1839 2008 ortas
1888 1958 2029 2006 esse
2064 1942 2531 2008 concludamus.

165 2048 246 2112 Id
296 2052 539 2127 autem,
578 2046 836 2112 etiamsi
870 2047 1014 2128 quis
1062 2052 1363 2114 certum
1411 2067 1685 2114 annum
1730 2049 1995 2114 missum
2042 2046 2255 2128 faciat,
2307 2049 2535 2114 certis·

169 2156 340 2221 sime
375 2155 721 2236 colligitur,
759 2152 1072 2235 Glycerae
1105 2155 1350 2236 elegias
1376 2155 1623 2222 duobus
1650 2157 1836 2222 annis
1887 2158 1922 2220 7
1932 2157 2012 2219 27
2022 2155 2131 2242 [27
2184 2160 2249 2220 et
2284 2153 2530 2241 731123

167 2262 522 2327 terminari
554 2265 640 2342 et,
669 2279 810 2326 cum
831 2267 1328 2326 consentaneum
1359 2263 1446 2328 sit
1493 2262 1728 2328 librum
1776 2263 2145 2343 secundum,
2197 2262 2307 2343 qui
2355 2262 2534 2343 prior

171 2374 276 2434 est
309 2369 435 2450 his,
484 2368 796 2449 temporis
843 2387 1098 2449 quoque
1147 2370 1360 2449 spatio
1407 2369 1653 2436 maiore
1701 2370 2017 2451 distineri,
2068 2370 2150 2434 ad
2196 2388 2254 2432 a.
2285 2371 2532 2456 731123

169 2477 447 2560 propius
497 2475 803 2542 accedere
852 2495 1044 2558 quam
1093 2475 1175 2540 ad
1225 2473 1494 2562 727l27.

359 2583 497 2649 Iam
529 2582 732 2649 multo
778 2582 1012 2649 fortius
1061 2582 1354 2665 cyclum
1403 2584 1514 2665 qui
1547 2583 1869 2665 Sulpiciae
1915 2589 1984 2650 et
2016 2583 2309 2649 Cerinthi
2356 2604 2526 2651 amo·

171 2710 280 2757 res
348 2690 644 2772 depingit
700 2690 838 2771 (IV,
868 2689 1068 2772 2—7)
1115 2690 1162 2753 ii
1211 2690 1320 2771 qui
1369 2690 1755 2755 dubitabant
1800 2710 1951 2756 num
1998 2690 2166 2757 liber
2212 2694 2527 2759 secundus

170 2798 506 2879 perfectus
561 2799 650 2864 sit
707 2802 903 2879 atque
960 2797 1171 2865 editus
1229 2817 1268 2861 a
1323 2797 1577 2863 Tibullo
1628 2797 1955 2879 ¹(priorem
2002 2817 2165 2863 eum
2212 2816 2354 2864 esse
2400 2801 2529 2865 rati

169 2906 328 2970 libri
362 2905 628 2971 secundi
676 2903 930 2990 elegiis)
979 2906 1046 2970 in
1093 2923 1280 2970 usum
1327 2923 1512 2970 suum
1564 2908 2036 2971 converterunt.
2136 2904 2337 2983 Quem
2385 2907 2525 2988 qui-

171 3012 325 3077 dem
383 3012 627 3094 cyclum
687 3017 902 3077 utrum
960 3011 1239 3077 voluerit
1285 3017 1480 3093 poeta
1527 3012 1720 3077 edere
1768 3029 1969 3076 necne
2018 3016 2083 3076 et
2132 3013 2241 3095 qui
2286 3012 2527 3080 factum

171 3120 261 3185 sit
321 3123 395 3184 ut
450 3124 830 3201 segregatus
887 3138 925 3183 a
995 3120 1292 3201 genuinis
1362 3119 1751 3185 carminibus
1819 3118 1883 3183 in
1956 3120 2321 3200 spuriorum
2390 3139 2527 3185 car-

170 3228 422 3291 minum
453 3225 810 3307 appendice
841 3218 1210 3291 'traderetur
1241 3226 1306 3289 h.
1331 3226 1374 3291 1.
1408 3245 1538 3293 non
1571 3227 1839 3306 dissere,
1890 3226 2004 3291 sed
2050 3227 2273 3291 utilius
2319 3227 2526 3293 habeo

172 3352 345 3414 quae
406 3333 486 3397 de
543 3332 664 3397 hac
726 3333 926 3398 statui
983 3333 1232 3413 possint
1279 3368 1364 3381 --
1407 3332 1832 3414 probabiliter
1878 3332 2143 3413 scilicet,
2195 3352 2345 3399 nam
2390 3353 2526 3398 cer·

170 3445 311 3504 tam
338 3439 531 3505 fidem
553 3428 800 3505 frustra
836 3440 1228 3522 appetiveris
1287 3474 1354 3484 -—-
1407 3438 1579 3505 infra
1612 3437 1714 3521 (cf.
1743 3459 1805 3520 p.
1838 3440 1919 3504 68
1948 3439 2121 3525 sqq.)
2154 3460 2231 3506 ea
2273 3438 2522 3509 afferre.

171 3547 574 3614 Testimonia
622 3547 790 3613 enim
836 3548 940 3612 hic
988 3566 1240 3630 quoque
1288 3546 1538 3629 desunt,
1588 3547 1681 3611 ita
1727 3550 1800 3610 ut
1846 3546 1972 3612 nisi
2018 3546 2311 3613 omnibus
2360 3567 2525 3631 quae

170 3654 256 3720 ad
329 3674 468 3720 rem
522 3653 771 3736 aliquid
823 3654 1042 3721 valere
1098 3654 1398 3721 videntur
1444 3654 1656 3720 causis
1702 3654 2163 3735 perpensitatis
2212 3654 2313 3719 cui
2362 3659 2523 3720 tem-

167 3761 323 3843 pori
367 3762 528 3826 haec
575 3760 852 3842 elegidia
899 3761 1326 3843 probabiliter
1371 3761 1763 3840 tribuantur,
1813 3760 1853 3824 i.
1890 3779 1944 3825 e.
1978 3764 2193 3825 utrum
2242 3764 2393 3825 ante
2440 3780 2523 3827 an

167 3874 328 3949 post
382 3868 618 3933 librum
680 3869 1026 3933 secundum
1077 3869 1320 3951 scripta
1373 3869 1531 3947 sint,
1606 3868 1806 3933 statui
1852 3885 1981 3931 non
2026 3866 2252 3948 possit.
2347 3866 2523 3944 Quae

171 3994 411 4041 causae
443 3994 568 4039 non
601 3979 737 4039 tam
767 3994 1032 4039 numero
1079 3995 1273 4057 quam
1321 3974 1643 4058 gravitate
1688 3973 1845 4037 mihi
1893 3973 2331 4038 aestimandae
2379 3992 2523 4039 esse

168 4084 495 4148 videntur.
601 4081 1037 4148 Gravissimae
1096 4089 1314 4148 autem
1385 4086 1537 4147 sunt
1593 4082 1781 4162 duae,
1834 4099 1963 4145 una
2018 4080 2187 4163 quod
2231 4080 2337 4145 hic
2384 4099 2522 4163 cyc—

315 4310 362 4380 l)
399 4308 560 4375 Quod
594 4310 715 4380 ipso
751 4310 894 4364 libro
931 4311 1196 4380 probatur
1231 4309 1300 4365 cf.
1327 4310 1364 4368 i.
1389 4327 1442 4380 p.
1466 4314 1536 4368 56
1562 4326 1644 4381 sq.

2167 4411 2202 4461 4
