3075 5100
2462 395 2544 460 73

204 577 484 643 carmina
531 576 660 641 tria
707 575 786 640 ab
836 574 1128 642 omnibus
1177 595 1342 657 quae
1389 579 1619 657 postea
1666 574 2027 656 composuit
2062 575 2352 640 Tibullus
2387 575 2547 640 satis

201 685 619 750 abhorrentia
663 701 920 764 unaque
967 700 1044 749 ea
1091 701 1217 764 qua
1265 681 1538 746 diximus
1588 681 1840 746 ratione
1871 680 2037 745 libro
2071 683 2279 763 primo
2314 683 2549 747 innexa

201 793 252 856 si
284 791 662 874 excipimus,
713 789 959 871 elegiae
1003 807 1168 871 quae
1213 792 1488 870 utroque
1535 787 1701 852 libro
1752 787 2162 854 continentur
2202 809 2329 854 non
2360 789 2546 854 modo

197 899 529 978 numero¹)
598 898 792 980 paulo
864 895 1336 978 aequabiliores
1410 894 1752 960 universae
1823 894 2121 959 videntur
2191 914 2362 976 esse,
2435 896 2549 961 sed

199 1007 394 1072 etiam
464 1004 660 1071 rebus
726 1002 886 1087 ipsis
957 1022 1193 1086 magna
1263 1021 1340 1068 ex
1408 1007 1597 1084 parte
1658 999 1784 1066 sibi
1840 1001 2255 1082 respondent.
2352 1001 2548 1067 Suum

195 1118 473 1194 uterque
545 1111 833 1176 continet
899 1129 1152 1175 carmen
1212 1109 1605 1175 natalicium.
1708 1111 1799 1177 Ac
1855 1111 2004 1176 libri
2051 1109 2244 1192 primi
2290 1110 2549 1191 quidem

197 1237 458 1284 carmen
515 1217 634 1282 VII
707 1235 848 1280 cum
920 1217 1231 1299 scriptum
1303 1216 1390 1281 sit
1465 1216 1531 1280 in
1610 1216 1781 1281 diem
1851 1216 2135 1283 natalem
2206 1216 2551 1283 Messallae

194 1325 474 1390 fautoris
522 1323 959 1406 potentissimi
1005 1342 1135 1389 non
1184 1328 1285 1388 est
1316 1323 1486 1404 quod
1517 1323 1825 1391 miremur
1873 1325 2042 1406 quod
2078 1326 2161 1388 64
2185 1343 2285 1389 vv.
2319 1324 2545 1389 habet:

197 1431 348 1495 libri
369 1429 636 1495 secundi
657 1432 874 1494 autem
895 1430 1176 1495 carmine
1193 1428 1258 1494 II
1279 1428 1631 1504 Cornutum
1649 1431 1758 1511 qui
1777 1431 2141 1496 celebratur
2163 1430 2547 1497 familiarem

197 1556 312 1602 nec
361 1537 713 1618 oportebat
757 1555 876 1601 nec
921 1537 1186 1602 iuvabat
1231 1536 1524 1618 pluribus
1574 1535 1797 1616 effere3
1847 1535 2253 1603 sufficiebant
2299 1557 2397 1603 vv.
2443 1538 2548 1602 22.

197 1645 267 1707 In
337 1641 470 1709 fine
538 1642 690 1706 libri
755 1643 950 1724 primi
1019 1643 1304 1725 positum
1375 1647 1476 1708 est
1542 1662 1592 1709 c.
1642 1644 1702 1708 X
1761 1645 1931 1726 quod
1988 1645 2198 1726 spirat
2269 1645 2551 1710 animum

199 1769 418 1816 amore
466 1749 634 1816 ruris
682 1750 990 1831 pacisque
1036 1750 1515 1816 beatissimum:
1567 1749 1669 1815 cui
1713 1751 1932 1816 nescio
1981 1769 2105 1833 quo
2152 1755 2343 1833 pacto
2377 1751 2551 1817 vide-

199 1862 305 1922 tur
351 1857 749 1938 respondere
796 1856 863 1921 id
910 1856 1081 1938 quod
1126 1857 1194 1920 in
1238 1854 1450 1921 fronte
1499 1857 1763 1922 secundi
1809 1857 2081 1939 legimus
2132 1877 2182 1923 c.
2234 1857 2267 1923 I
2311 1857 2551 1925 festum
2631 1905 2640 1914 .

199 1965 389 2043 diem,
467 1963 576 2045 qui
621 1964 706 2028 ad
753 1981 906 2027 rura
969 1967 1243 2045 spectat,
1317 1962 1654 2030 illustrans
1718 1966 2057 2047 ipsumque
2114 1965 2359 2030 ambitu
2408 1969 2551 2030 'non

198 2071 345 2154 plus
420 2088 626 2151 aequo
697 2071 778 2136 ab
848 2069 960 2135 illo
1020 2069 1346 2136 abhorret.
1450 2071 1727 2136 Restant
1786 2073 2167 2154 gravissima
2212 2072 2553 2154 utriusque

197 2177 350 2243 libri
423 2177 725 2258 carmina,
776 2176 1004 2242 Deliae
1058 2177 1250 2259 primi
1307 2177 1572 2242 secundi
1618 2177 1966 2245 Nemeseos
2024 2183 2331 2261 quattuor
2391 2179 2553 2245 haec

199 2285 310 2349 illa
381 2284 694 2366 quinque,
776 2283 1040 2350 secundi
1109 2283 1364 2367 singula
1434 2303 1689 2366 quoque
1760 2287 2048 2368 (praeter
2097 2285 2181 2369 V)
2252 2305 2553 2351 versuum

197 2409 468 2457 numero
537 2391 803 2456 minora.
913 2390 1094 2468 Quod
1163 2390 1272 2472 qui
1342 2388 1583 2456 factum
1653 2393 1740 2458 sit
1808 2391 1995 2457 facile
2054 2391 2440 2474 intelligitur
2497 2394 2553 2458 si

198 2499 582 2583 respicimus
630 2503 1031 2581 quantopere
1077 2499 1304 2565 Deliae
1367 2497 1669 2565 differant
1716 2517 1754 2564 a
1800 2499 2149 2565 Nemeseos
2198 2499 2545 2581 amoribus.

196 2608 454 2673 Etenim
517 2625 657 2671 cum
719 2608 785 2670 in
833 2606 1061 2672 Deliae
1108 2608 1334 2688 elegiis
1383 2608 1667 2690 quinque
1713 2607 1967 2673 varient
2014 2604 2261 2671 fructus
2311 2606 2549 2688 cladeS‚

199 2714 456 2781 laetitia
503 2731 786 2793 maeror,
850 2731 1078 2796 preces
1135 2715 1640 2795 exsecrationeS,
1700 2714 1939 2795 illaque
1988 2713 2376 2795 depingatur
2423 2715 2556 2795 pri-

201 2840 372 2886 mum
421 2820 614 2885 vidua
659 2824 796 2885 tum
845 2820 925 2885 ab
983 2826 1272 2885 amatore
1318 2820 1575 2886 irretita
1623 2820 1898 2902 denique
1945 2824 2149 2901 nupta
2193 2856 2268 2865 —-
2308 2819 2556 2901 elegiae

205 2928 558 2992 Nemeseos
607 2945 826 2991 omnes
875 2926 1172 3007 aequalia
1233 2928 1480 2993 scilicet
1536 2928 1754 2993 tristia
1817 2927 2177 2993 illustrant:
2264 2925 2557 2992 Tibullus

203 3052 460 3115 semper
508 3037 715 3114 rogat,
765 3052 1091 3114 nunquam
1127 3034 1406 3115 auditur,
1455 3034 1551 3098 ita
1595 3039 1671 3099 ut
1716 3034 1940 3099 mirari
1978 3032 2113 3099 fere
2156 3034 2366 3114 possis
2400 3052 2557 3114 quo-

201 3141 392 3205 modo
444 3140 790 3220 contigerit
835 3143 1090 3221 poetae,
1126 3145 1200 3204 ut
1243 3159 1493 3207 amores
1535 3142 1646 3223 qui
1680 3160 1857 3223 spem
1891 3138 2135 3204 nullam
2168 3139 2558 3220 praeberent

205 3252 301 3313 tot
360 3247 657 3312 versibus
716 3247 903 3328 (316)
964 3253 1464 3329 persequeretur
1522 3286 1606 3292 —
1655 3265 2040 3329 quamquam
2110 3246 2319 3327 ipsum
2387 3246 2556 3311 hunc

201 3372 542 3420 numerum
589 3353 950 3419 minuamus
984 3358 1261 3436 oportet,
1315 3373 1455 3420 cum
1505 3354 1808 3421 carminis
1840 3353 1899 3418 V
1931 3352 2209 3417 maxima
2240 3369 2393 3432 pars
2427 3350 2558 3415 alia

204 3465 590 3543 argumenta
637 3465 894 3526 tractet.
989 3459 1114 3526 Illa
1159 3460 1359 3543 igitur
1404 3499 1480 3507 —-
1518 3461 1748 3528 Deliae
1793 3459 1944 3524 libri
1993 3457 2185 3540 primi
2240 3494 2312 3502 —
2367 3476 2557 3539 argu-

205 3572 428 3634 menta
495 3585 661 3649 quae
717 3567 1038 3649 copiosius
1095 3567 1601 3649 depingerentur
1656 3585 1773 3649 per
1822 3583 1891 3629 se
1939 3563 2315 3645 dignissima
2362 3569 2555 3645 atque

203 3674 545 3757 aptissima
567 3672 848 3754 fuerunt,
881 3674 1042 3739 haec
1064 3712 1134 3719 —-
1158 3672 1506 3739 Nemeseos
1535 3673 1686 3738 libri
1719 3671 1983 3737 secundi
2012 3708 2077 3715 -
2102 3669 2555 3751 descriptionis

204 3783 593 3849 varietatem
640 3800 766 3845 non
814 3781 910 3846 ita
957 3782 1420 3861 excitaverunt,
1472 3785 1538 3845 et
1584 3780 1873 3845 videmus
1925 3778 2140 3843 omnia
2186 3776 2441 3842 efficere
2490 3777 2557 3841 id

205 3895 280 3955 ut
303 3889 472 3954 liber
505 3888 822 3953 secundus
849 3896 916 3953 et
947 3890 1230 3954 numeris
1266 3894 1331 3953 et
1362 3887 1557 3952 rebus
1584 3887 1794 3969 primo
1828 3886 2035 3949 minor
2065 3882 2268 3949 fieret.
2346 3883 2557 3961 Quare

209 4013 591 4079 persuasum
638 3995 845 4059 habeo
883 3989 1346 4077 „brevitatem“
1396 3994 1589 4059 huius
1637 4011 1762 4058 non
1810 3992 1998 4057 modo
2046 4007 2173 4054 non
2222 3988 2557 4056 offensioni

353 4243 398 4311 ¹)
435 4242 588 4296 Libri
624 4243 788 4311 primi
827 4242 1003 4311 elegg.
1043 4242 1093 4295 X
1131 4242 1222 4296 ΙΙΙ
1259 4242 1286 4295 Ι
1324 4240 1372 4297 V
1411 4239 1467 4293 11
1504 4238 1583 4295 VI
1619 4238 1732 4295 VII
1760 4260 1826 4285 =
1852 4238 1955 4291 564
1982 4252 2069 4289 vv.
2134 4236 2287 4290 Libri
2324 4234 2549 4289 secundi

218 4332 389 4401 elegg.
420 4355 487 4379 =
513 4333 619 4387 428
645 4347 731 4385 vv.
