3075 5100
2476 339 2557 403 63

211 520 466 584 damum
515 523 812 602 spectent
855 523 1218 600 temporum
1266 517 1641 583 testimonia
1680 521 1941 600 praeter
1987 535 2223 582 annum
2272 517 2555 582 natalem

209 627 285 707 (a.
338 627 624 713 711s43)
673 625 850 692 nulla
895 626 1070 692 tradi
1118 643 1325 707 neque
1375 625 1934 705 argumentatione
1981 625 2329 690 verisimile
2376 625 2559 706 quid-

207 751 397 815 quam
450 733 592 796 erui
638 751 847 814 posse.
946 733 1168 815 Neque
1217 733 1387 799 enim
1437 732 1692 815 quando
1742 731 2025 796 carmina
2059 731 2315 814 singula
2358 732 2558 813 scrip·

208 840 368 904 serit
426 859 545 904 nec
577 859 702 922 quo
736 843 1029 921 tempore
1061 845 1354 906 mortuus
1387 840 1475 905 sit
1507 843 1763 934 constat
1778 838 1839 919 ¹).
1922 837 2058 916 Quo
2092 839 2297 920 magis
2333 857 2559 905 caven-

209 947 358 1012 dum
409 951 512 1012 est
556 965 638 1012 ne
685 946 842 1028 quid
888 948 1048 1012 certi
1095 983 1181 992 —-—
1229 952 1302 1012 ut
1344 946 1593 1012 Birtius
1638 981 1724 994 —-
1775 963 1851 1009 ex
1882 945 2074 1010 rebus
2105 945 2557 1011 incertissimis

211 1054 516 1136 colligere
565 1071 884 1120 conemur.
947 1055 1226 1119 Maxime
1275 1059 1492 1120 autem
1540 1072 1799 1119 monere
1848 1053 2035 1119 decet
2081 1054 2252 1136 quod
2310 1053 2557 1119 Birtius

211 1166 459 1227 certum
505 1160 704 1226 habet
749 1162 1045 1228 volumen
1079 1162 1447 1242 secundum,
1497 1161 1565 1226 in
1612 1177 1737 1243 quo
1786 1160 2138 1242 inscriptae
2172 1165 2360 1226 erant
2403 1159 2555 1225 libri

211 1268 477 1334 secundi
525 1269 738 1353 (quem
793 1287 934 1334 nos
981 1268 1303 1350 vocamus)
1375 1268 1628 1351 elegiae
1696 1285 1826 1349 seX,
1890 1285 1967 1332 ex
2038 1272 2225 1350 parte
2282 1284 2556 1332 vacuum

210 1374 409 1440 fuisse
457 1375 552 1440 ita
609 1380 682 1441 ut
725 1394 994 1441 vacuum
1046 1375 1214 1442 Sosii
1271 1375 1416 1441 aliis
1475 1376 1865 1441 carminibus
1939 1378 2207 1456 possent
2278 1373 2555 1456 explere,

211 1483 274 1546 id
320 1486 570 1546 certum
615 1501 743 1547 non
793 1501 955 1547 esse.
1049 1483 1302 1549 Etenim
1351 1483 1408 1550 si
1456 1487 1633 1548 recte
1692 1481 2027 1548 dubitatur
2043 1479 2089 1562 ²)
2149 1500 2300 1547 num
2358 1481 2559 1564 scrip-

210 1595 384 1654 tores
432 1588 667 1654 librum
716 1589 953 1656 edituri
1014 1590 1309 1657 volumen
1367 1609 1636 1655 vacuum
1699 1594 1915 1654 certae
1971 1607 2226 1670 semper
2279 1588 2560 1670 longitu-

211 1697 378 1761 dinis
425 1697 493 1761 in
540 1697 833 1762 manibus
879 1697 1243 1779 habuerint,
1291 1698 1471 1762 cuius
1519 1698 1577 1763 si
1623 1696 1787 1762 liber
1832 1700 2040 1761 totum
2088 1696 2385 1763 volumen
2430 1715 2560 1762 non

211 1802 515 1885 explebat
569 1809 822 1884 partem
893 1804 1171 1886 aliquam
1238 1821 1505 1870 vacuam
1568 1821 1711 1869 esse
1768 1807 2165 1886 paterentur,
2217 1807 2284 1868 et
2338 1803 2559 1868 verisi-

210 1911 360 1975 mile
402 1916 506 1975 est
537 1929 668 1990 eOS,
703 1915 1027 1993 utcunque
1059 1929 1164 1976 res
1191 1929 1384 1994 quam
1415 1914 1859 1976 tractaverant
1888 1908 2249 1992 flagitabat,
2305 1910 2558 1975 charta-

211 2037 349 2082 rum
398 2023 623 2100 partes
669 2018 806 2083 sive
855 2017 1360 2100 agglutinavisse
1407 2018 1543 2084 sive
1579 2017 1964 2100 desecuisse,
2008 2022 2192 2099 patet
2236 2016 2558 2081 Tibullum

211 2144 349 2189 cum
397 2123 635 2190 librum
681 2125 1031 2190 secundum
1077 2126 1218 2206 ipse
1267 2125 1490 2190 ederet
1537 2125 1685 2208 (hoc
1731 2123 2018 2206 neglexit
2049 2123 2317 2205 Birtius)
2368 2125 2553 2188 dimi-

211 2231 385 2295 dium
431 2228 568 2296 fere
624 2230 964 2296 voluminis
1025 2250 1294 2298 vacuum
1355 2251 1482 2298 non
1540 2232 1909 2314 reliquisse,
1974 2231 2084 2296 sed
2143 2230 2557 2296 verisimilius

211 2342 307 2404 est
353 2337 524 2401 hunc
569 2336 803 2402 librum
853 2373 936 2384 -—
980 2338 1340 2405 breviorem
1387 2338 1689 2406 videlicet
1735 2339 1963 2426 primo,
2013 2337 2127 2403 sed
2174 2356 2364 2419 quam
2413 2354 2558 2419 per-

208 2444 630 2511 fectissimum
675 2444 886 2526 ipsum
937 2481 1016 2492 -
1053 2446 1366 2531 ¹volumen
1411 2446 1605 2528 plane
1653 2444 2030 2528 explevisse.
2127 2444 2391 2509 Librum
2438 2444 2559 2527 igi-

207 2557 314 2618 tur
362 2551 712 2617 secundum
759 2571 887 2618 non
942 2554 1144 2619 multo
1213 2558 1366 2635 post
1422 2553 1661 2620 Tibulli
1714 2558 1984 2618 mortem
2046 2570 2189 2617 cum
2247 2552 2559 2635 Lygdami

209 2660 434 2741 elegiis
491 2678 569 2724 ea
624 2678 750 2741 qua
795 2660 934 2725 vult
981 2659 1230 2726 Birtius
1301 2662 1553 2727 ratione
1614 2649 1927 2725 conexum
2000 2676 2141 2725 esse
2198 2659 2371 2724 credi
2425 2677 2557 2723 non

207 2770 447 2849 potest.
542 2766 756 2849 Atque
801 2784 880 2831 ex
929 2767 1022 2831 eis
1069 2767 1179 2849 qui
1225 2767 1352 2848 ipsi
1398 2768 1567 2832 hunc
1623 2767 1861 2832 librum
1918 2785 1955 2830 a
2003 2764 2257 2831 Tibullo
2315 2764 2557 2847 publici

207 2873 366 2939 iuris
400 2872 641 2939 factum
675 2892 818 2939 esse
859 2880 1120 2957 negant,
1170 2894 1298 2941 non
1337 2880 1514 2941 recte
1548 2874 1803 2957 quidem
1850 2879 1926 2938 ut
1956 2872 2553 2953 demonstravimus,

208 2979 500 3046 Hillerus
568 2982 668 3046 vir
721 2982 801 3047 de
856 2981 978 3046 hoc
1033 2987 1230 3063 poeta
1294 2982 1536 3063 optime
1593 2981 1863 3046 meritus
1931 2985 2151 3045 tamen
2208 2979 2557 3045 editionem

207 3088 437 3169 prius
493 3085 728 3153 factam
789 3100 932 3154 esse
993 3106 1186 3170 quam
1234 3089 1547 3171 Lygdami
1606 3088 1959 3153 carminum
2016 3088 2107 3171 (et
2161 3086 2555 3169 reliquorum

207 3214 373 3278 quae
424 3195 801 3278 sequuntur)
849 3200 1026 3262 recte
1071 3195 1417 3275 intellexit3
1483 3196 1592 3279 qui
1657 3195 1989 3277 vituperat
2045 3193 2106 3278 (1.
2143 3193 2210 3277 l.)
2280 3194 2556 3259 Birtium

206 3303 381 3384 quod
429 3306 770 3385 utrumque
817 3301 1104 3368 confudit
1119 3300 1184 3385 ³).

389 3409 581 3475 Birtii
641 3415 858 3475 autem
917 3410 1304 3476 sententiam
1363 3414 1436 3474 ut
1491 3408 1683 3491 plane
1747 3408 2099 3475 refutemus
2146 3426 2408 3474 necesse
2456 3411 2557 3474 est

207 3517 603 3583 deducamur
652 3536 726 3583 eo
772 3521 849 3582 ut
895 3534 1296 3600 quaeramus,
1346 3515 1517 3598 quod
1549 3532 1667 3597 per
1698 3534 1767 3581 se
1798 3516 2211 3581 utilissimum
2259 3520 2376 3596 est,
2427 3534 2553 3599 quo

351 3834 398 3905 1)
433 3833 512 3889 Ut
555 3835 803 3890 omittam
851 3835 998 3906 quod
1060 3835 1359 3889 extiterunt
1405 3834 1499 3903 qui
1537 3833 1876 3903 Lygdamum
1931 3832 2161 3887 eundem
2215 3849 2333 3887 esse
2388 3837 2553 3904 atque

205 3923 468 3978 Ovidium
505 3954 572 3964 —
611 3926 928 3978 conicerent
963 3927 1187 3992 temere,
1225 3938 1334 3976 non
1371 3922 1820 3977 demonstrarent.

349 4012 398 4081 ²)
437 4030 480 4067 c.
508 4014 654 4068 Mau.
681 4013 714 4069 l.
743 4012 782 4067 l.
807 4031 858 4083 p.
887 4014 1014 4070 886.

352 4100 398 4172 3)
433 4103 501 4156 In
549 4102 780 4156 eundem
828 4118 1064 4157 errorem
1113 4102 1408 4155 Dissenum
1457 4104 1512 4155 et
1550 4100 1609 4155 O.
1644 4100 1706 4155 P.
1747 4098 2058 4153 Schulzium
2108 4116 2275 4169 supra
2318 4100 2552 4153 vidimus

206 4193 282 4262 (p,
311 4192 406 4261 45)
442 4192 721 4260 incidisse,
760 4196 950 4262 captos
997 4208 1194 4261 nempe
1241 4190 1579 4245 Lachmanni
1623 4190 1722 4244 illa
1766 4190 2042 4243 sententia
2085 4189 2177 4258 (ef.
2206 4206 2249 4242 s·
2274 4206 2327 4259 p.
2350 4192 2438 4258 43,
2461 4206 2550 4242 nn.

207 4285 240 4337 3
283 4286 339 4336 et
375 4282 450 4350 4),
490 4298 652 4352 quam
689 4285 870 4336 tamen
907 4297 1015 4335 non
1052 4281 1212 4351 plane
1250 4280 1675 4350 perspiciebant.
