3075 5100
2526 345 2603 404 15

439 514 706 596 Iamque
772 515 1174 581 meminimus
1242 515 1402 580 haec
1458 515 1797 595 scripsisse
1855 516 2177 581 Tibullum
2234 535 2291 580 a.
2340 515 2605 603 724J30‚

255 639 404 685 cum
461 621 834 687 Messallam
887 621 956 686 in
1012 621 1232 686 Asiam
1289 625 1628 687 secuturus
1694 626 1999 702 aegrotus
2060 621 2377 704 Corcyrae
2402 623 2446 705 ¹)
2508 645 2609 691 re-

255 727 628 794 mansisset.
725 728 1112 806 Quibuscum
1173 726 1464 794 conferas
1519 729 1712 794 velim
1768 745 1992 793 versus
2051 729 2161 810 qui
2208 729 2275 794 in
2324 731 2533 812 elegia
2578 732 2611 797 I

256 833 571 916 leguntur
615 835 758 899 hos:

444 958 544 1004 vv.
620 941 680 1004 3.
753 941 823 1004 4:
875 963 1052 1026 quem
1099 941 1277 1004 labor
1323 942 1623 1004 adsiduus
1668 942 1870 1004 vicino
1915 952 2141 1006 terreat
2184 943 2369 1016 hoste,

962 1047 1204 1111 Martia
1253 1049 1353 1111 cui
1397 1069 1643 1110 somnos
1692 1047 1951 1110 classica
1983 1047 2179 1132 pulsa
2210 1050 2467 1135 fayem:

447 1171 546 1218 vv.
577 1153 676 1217 25.
711 1154 824 1217 26:
872 1155 1007 1216 iam
1051 1156 1235 1218 modo
1282 1152 1516 1237 ineo-3²)
1555 1155 1801 1240 possim
1848 1166 2158 1219 contentus
2188 1156 2384 1220 vivere
2412 1177 2611 1240 parvo

959 1282 1068 1324 nec
1115 1283 1360 1345 semper
1406 1261 1623 1345 lonyae
1671 1262 1912 1326 deditus
1960 1283 2086 1326 esse
2130 1264 2285 1341 viae,

263 1370 612 1447 praeterea
659 1384 758 1431 vv.
797 1365 1089 1431 53--562

874 1483 929 1536 te
975 1472 1201 1536 bellare
1247 1474 1410 1537 decet
1455 1485 1644 1555 terra,
1692 1473 2011 1548 Messalla,
2062 1476 2363 1559 marique,

961 1591 1029 1642 ut
1074 1581 1294 1642 domus
1339 1581 1584 1646 hostiles
1621 1580 1948 1665 praeferat
1994 1582 2269 1644 exuvias:

746 1684 830 1747 55
873 1707 968 1750 me
1014 1687 1275 1750 retinent
1312 1688 1583 1749 vinctum
1626 1688 1951 1772 formosae
2000 1688 2203 1751 vincla
2241 1687 2510 1772 puellae,

963 1803 1018 1856 et
1063 1792 1236 1856 sedeo
1284 1794 1479 1856 duras
1525 1794 1760 1857 ianitor
1806 1806 1946 1858 ante
1978 1794 2179 1878 fores.

455 1895 600 1966 Jam
650 1900 834 1976 patet
881 1897 1205 1963 Tibullum
1254 1916 1395 1962 cum
1442 1897 1609 1963 tales
1656 1917 1881 1966 versus
1928 1900 2177 1982 elegiae
2223 1899 2257 1962 1-
2301 1899 2619 1964 insereret

275 2001 669 2067 condicionis
719 2021 884 2084 quae
931 2009 1034 2068 est
1078 2005 1144 2068 in
1191 2003 1287 2068 111
1332 2004 1741 2070 recordatum
1774 2025 1937 2072 esse.
2016 2007 2091 2071 In
2123 2006 2218 2070 111
2251 2003 2619 2070 Messallam

276 2112 617 2174 secuturus
667 2117 767 2175 est
815 2110 1056 2175 bellum
1105 2113 1458 2192 gerentem,
1512 2109 1580 2175 in
1627 2111 1659 2174 1
1702 2111 1959 2193 puellae
2008 2130 2226 2177 amore
2273 2111 2527 2175 vinctus
2581 2128 2620 2172 a

276 2213 448 2278 bello
481 2214 672 2295 plane
707 2233 777 2281 se
811 2216 1087 2282 abdicat.
1159 2217 1452 2296 Apparet
1483 2217 1684 2298 igitur
1716 2217 2036 2283 Tibullum
2069 2235 2211 2282 cum
2244 2217 2273 2280 1
2305 2217 2624 2282 scriberet

275 2318 453 2385 illius
529 2322 920 2388 condicionis
992 2322 1361 2387 meminisse
1426 2340 1504 2386 ea
1572 2327 1786 2388 mente
1850 2343 1931 2390 ne
1996 2325 2231 2390 iterum
2295 2322 2621 2388 cohortem

279 2432 680 2506 sequeretur.
756 2429 899 2492 Huc
932 2429 1179 2495 accedit
1211 2429 1383 2510 quod
1415 2447 1616 2509 amor,
1665 2429 1919 2512 integer
1960 2430 2026 2495 in
2059 2429 2175 2508 III,
2210 2429 2275 2492 in
2310 2428 2342 2492 I
2373 2427 2625 2508 paullu-

278 2529 414 2596 lum
461 2532 762 2601 turbatus
811 2554 952 2601 esse
997 2535 1282 2613 videtur3
1345 2553 1468 2617 quo
1519 2538 1818 2617 spectant
1861 2534 2061 2600 verba
2107 2546 2161 2599 et
2206 2537 2384 2600 sedeo
2433 2536 2625 2598 duras

277 2640 516 2729 ianitor
561 2652 702 2705 ante
733 2642 930 2727 fores.
1023 2642 1202 2707 Haec
1250 2642 1419 2706 enim
1467 2640 1831 2707 Schultzius
1874 2642 1943 2722 (1.
1977 2641 2019 2707 1.
2055 2660 2115 2722 p.
2154 2642 2269 2719 40)
2304 2659 2431 2705 non
2479 2658 2624 2720 per-

280 2744 494 2810 tinere
554 2747 635 2811 ad
692 2753 958 2830 nuptam
1007 2748 1263 2812 Deliam
1308 2785 1393 2794 —
1440 2752 1517 2812 ut
1572 2747 1915 2813 voluerunt
1969 2746 2419 2812 Lachmannus
2476 2746 2544 2825 (l.
2580 2745 2623 2809 l.

283 2869 344 2932 p.
391 2850 546 2936 152)
587 2852 659 2918 Ο.
695 2854 1036 2919 Richterus
1071 2854 1139 2941 (l.
1177 2852 1252 2939 l.)
1286 2854 1719 2921 Baehrensius
1752 2854 1819 2939 (l.
1856 2853 1930 2935 l.)
1962 2890 2033 2899 —
2070 2854 2183 2919 sed
2216 2852 2627 2935 cogitandum

432 3098 476 3166 ¹)
509 3098 636 3153 Non
684 3098 1006 3153 crediderim
1055 3099 1227 3155 Leoni
1281 3100 1340 3153 id
1385 3103 1600 3155 tantum
1647 3100 1972 3155 concedenti
2016 3099 2122 3153 hoc
2174 3114 2389 3152 carmen
2446 3097 2629 3152 condi-

286 3188 502 3241 cionem
538 3186 896 3257 Corcyraeum
934 3188 1244 3256 depingere,
1286 3187 1558 3259 Corcyrae
1604 3189 1870 3259 scriptum
1910 3204 2028 3242 esse
2064 3188 2306 3255 neganti.
2380 3186 2629 3255 Namque

285 3277 454 3331 finem
498 3277 821 3346 praesertim
867 3276 1250 3330 suavissimum
1305 3294 1466 3347 quem
1520 3278 1680 3333 modo
1734 3277 2077 3331 laudavimus
2134 3276 2183 3329 si
2223 3275 2469 3345 respicis,
2508 3289 2630 3341 gra-

286 3366 441 3419 viore
496 3365 883 3434 probabilitate
941 3364 1336 3419 existimaveris
1393 3366 1658 3436 scriptum
1713 3381 1831 3419 esse
1892 3382 1925 3419 a
1979 3367 2145 3433 poeta
2199 3363 2311 3433 qui,
2368 3379 2491 3416 cum
2543 3377 2633 3415 res

286 3468 400 3505 non
447 3453 828 3520 permitterent
871 3455 934 3506 ut
977 3453 1098 3521 ipse
1144 3453 1254 3507 iam
1301 3454 1724 3523 amplecteretur
1760 3452 1998 3523 puellam
2037 3452 2465 3518 dilectissimam,
2516 3450 2631 3503 acri

289 3540 472 3593 animo
509 3542 814 3610 vegetoque
852 3540 1032 3595 colore
1072 3541 1248 3609 qualis
1287 3542 1502 3596 futurus
1543 3544 1689 3597 esset
1738 3541 1832 3595 ille
1872 3544 2047 3595 status
2072 3540 2317 3608 fingebat
2342 3538 2627 3609 pingebatr

291 3627 404 3699 que'
440 3644 602 3697 quam
637 3636 702 3682 ut
753 3629 858 3683 tibi
903 3632 1242 3697 persuaseris
1289 3637 1508 3700 poetam
1556 3634 1911 3700 posteaquam
1948 3629 2173 3684 Romam
2220 3627 2389 3681 rediit
2431 3627 2631 3697 prioris

291 3717 632 3772 condicionis
667 3717 1014 3771 recordatum
1050 3721 1167 3772 tum
1205 3718 1420 3772 demum
1457 3721 1521 3772 ut
1557 3718 1693 3773 haec
1740 3718 2009 3772 scriberet
2055 3718 2293 3771 animum
2339 3716 2634 3770 induxisse.

291 3806 488 3875 Neque
525 3823 653 3861 vero
688 3806 747 3859 id
782 3806 1090 3876 improbare
1118 3807 1336 3861 videtur
1361 3808 1689 3861 sententiam
1712 3822 1889 3859 meam
1916 3806 2061 3875 quod
2087 3804 2224 3859 dicit
2249 3805 2384 3859 Leo:
2425 3805 2635 3869 „Einem

291 3894 533 3947 Kranken
575 3896 677 3947 und
711 3897 984 3948 Einsamen
1021 3899 1202 3949 mb‘chte
1240 3898 1317 3948 ich
1355 3898 1485 3948 nicht
1520 3915 1575 3949 so
1611 3897 1708 3947 viel
1742 3896 1961 3947 Freiheit
2006 3896 2093 3949 des
2132 3894 2321 3947 G'eistes
2367 3895 2469 3945 und
2504 3895 2637 3945 reine

293 3984 570 4051 Stimmuny
606 3996 838 4037 eutr-auen
875 3987 965 4037 wie
1002 4004 1093 4038 ates
1130 3987 1306 4040 diesem
1348 3984 1557 4038 G'ediclzt
1592 3986 1839 4050 spricllt“‚·
1877 3984 1970 4053 qui
2006 3999 2135 4037 num
2174 3981 2395 4036 Goethii
2432 3981 2637 4049 elegias

293 4072 568 4125 Romanas
605 4075 732 4142 apte
768 4073 826 4127 in
863 4090 1020 4127 suum
1057 4090 1214 4127 usum
1251 4072 1585 4127 converterit
1621 4072 1829 4128 dubito.

441 4159 486 4230 ²)
522 4160 640 4215 Hoc
685 4164 835 4215 recte
873 4161 1154 4217 Vahlenus
1203 4163 1256 4231 (1.
1293 4162 1330 4215 l.
1357 4178 1411 4231 p.
1438 4161 1565 4229 354)
1619 4161 1677 4214 in
1732 4163 1943 4215 textum
1996 4160 2206 4230 recepit
2259 4174 2357 4228 pro
2416 4158 2637 4212 traditis

295 4250 629 4304 lectionibus
667 4254 730 4303 ut
765 4252 932 4304 variis
968 4252 1051 4305 ita
1088 4252 1380 4320 corruptis.
