3075 5100
2466 439 2547 502 89

1196 740 1549 840 Vita

379 981 729 1048 Richard
776 982 1040 1047 Eduard
1085 982 1253 1047 Emil
1283 982 1595 1048 Ullrich
1643 985 1833 1045 natus
1882 998 2022 1046 sum
2071 983 2173 1047 die
2224 985 2261 1047 8
2310 985 2546 1050 mensis

190 1089 456 1170 Aprilis
490 1108 548 1154 a.
606 1091 776 1155 1866
824 1089 1235 1154 Potsdamiae
1283 1094 1470 1169 patre
1519 1089 1841 1167 EduardO,
1894 1107 2083 1169 quem
2130 1096 2545 1170 praematura

192 1197 406 1260 morte
437 1195 598 1259 mihi
632 1200 923 1277 ereptum
955 1195 1168 1276 lugeo,
1203 1200 1410 1258 matre
1444 1193 1761 1259 Mathilda
1794 1214 1827 1259 e
1862 1200 2057 1276 gente
2090 1195 2318 1280 Geyer,
2353 1216 2543 1278 quam

193 1303 408 1368 adhuc
450 1303 870 1383 superstitem
921 1320 1063 1367 esse
1112 1302 1379 1382 gaudeo,
1431 1299 1707 1382 fideique
1756 1303 2121 1383 adscriptus
2169 1322 2308 1368 sum
2358 1323 2547 1370 evan-

196 1409 464 1491 gelicae.
566 1408 801 1473 Primis
857 1409 1222 1472 litterarum
1287 1407 1621 1472 elementis
1678 1407 1963 1472 imbutus
2021 1409 2088 1474 in
2146 1410 2295 1475 ludo
2354 1430 2545 1492 quem

195 1521 430 1580 vocant
489 1514 772 1594 „hohere
827 1515 1342 1598 Burgerschule“
1404 1515 1514 1596 qui
1580 1514 1788 1591 adhuc
1860 1513 2050 1580 floret
2120 1517 2349 1598 Vogeli
2420 1517 2544 1582 viri

198 1622 558 1687 doctissimi
623 1622 960 1703 auspiciiS,
1034 1641 1174 1686 cum
1234 1626 1538 1703 parentes
1574 1621 1969 1702 ‚Berolinum
2026 1624 2418 1706 migrassent
2477 1625 2542 1689 in

195 1729 346 1794 ludo
397 1728 672 1810 quodam
722 1729 976 1810 privato
1038 1729 1148 1811 qui
1211 1729 1446 1793 dicitur
1502 1733 1797 1794 versatus
1845 1749 1994 1794 vere
2053 1731 2205 1794 anni
2262 1732 2428 1795 1875
2479 1731 2543 1795 in

199 1835 605 1918 gymnasium
663 1833 1065 1916 Coloniense,
1128 1837 1300 1918 quod
1356 1842 1492 1899 tum
1553 1833 1770 1900 floruit
1818 1836 2155 1902 Adalberti
2204 1837 2445 1902 Kuhnii
2506 1839 2545 1919 †

197 1943 318 2007 viri
349 1941 802 2007 humanissimi
833 1961 1002 2006 nunc
1033 1940 1223 2007 floret
1253 1942 1581 2006 Francisci
1612 1941 1839 2006 Kernii
1871 1942 2195 2023 auspiciiS,
2248 1948 2546 2025 receptus

199 2068 362 2114 sum.
473 2047 718 2126 Quibus
775 2049 931 2112 viris
986 2049 1569 2129 praestantissimis
1631 2048 1903 2129 aliisque
1976 2051 2291 2130 gymnasii
2356 2069 2544 2131 prae-

199 2154 570 2236 ceptoribus
619 2143 930 2234 quantum
980 2155 1247 2220 debeam
1296 2173 1553 2236 semper
1609 2173 1854 2220 memor
1914 2174 2045 2220 ero.
2141 2155 2541 2221 Maturitatis

197 2261 639 2326 testimonium
696 2278 848 2325 vere
916 2261 1068 2325 anni
1135 2261 1304 2325 1884
1362 2260 1637 2342 adeptus
1700 2262 1802 2326 die
1867 2263 1944 2324 15
2005 2263 2243 2327 mensis
2299 2263 2542 2344 Aprilis

193 2384 461 2432 numero
509 2366 740 2431 civium
782 2366 1240 2432 Universitatis
1281 2366 1650 2432 Fridericae
1694 2367 2055 2434 Guilelmae
2103 2368 2541 2434 Berolinensis

192 2472 274 2536 ab
307 2471 544 2537 Adolfo
577 2471 995 2553 Kirchhoffio,
1047 2473 1186 2538 viro
1234 2473 1695 2556 illustrissimo,
1744 2479 1997 2540 rectore
2044 2475 2382 2559 magnifico
2432 2477 2541 2541 ad-

193 2582 478 2662 scriptus
526 2599 683 2644 sum.

374 2688 503 2752 Per
551 2687 1053 2770 quinquennium
1106 2687 1242 2752 fere
1299 2687 1530 2753 deinde
1590 2688 1821 2752 studiis
1878 2688 2223 2769 philologis
2282 2708 2542 2770 operam

195 2794 362 2860 dedi.
460 2795 836 2859 Docuerunt
890 2800 1104 2859 autem
1151 2812 1252 2859 me
1293 2795 1417 2860 viri
1459 2794 1813 2859 doctissimi
1861 2794 1957 2859 hi:
2009 2794 2289 2874 CurtiuS,
2343 2796 2539 2877 Diels,

192 2898 488 2981 Dilthey,
546 2900 946 2980 Hirschfeld,
1018 2901 1352 2980 Huebner,
1412 2901 1715 2982 Kiepert,
1779 2903 1849 2965 A.
1898 2900 2249 2982 Kirchhoff,
2311 2902 2540 2983 Koser,

192 3006 669 3087 Lommatzsch‚
741 3007 1048 3087 Paulsen,
1119 3007 1470 3088 Roediger,
1544 3007 1818 3073 Scherer
1861 3009 1930 3091 †,
2004 3008 2083 3073 de
2143 3007 2540 3088 Treitschke,

193 3112 464 3192 Vahlen,
513 3104 942 3195 Weizsacker,
992 3114 1220 3179 Zeller.

375 3220 714 3284 Seminarii
748 3221 912 3302 regii
944 3220 1277 3304 philologi,
1314 3221 1481 3302 quod
1516 3219 1707 3285 floret
1730 3220 2125 3285 Kirchhoffio
2160 3226 2227 3285 et
2250 3221 2539 3286 Vahleno

195 3325 646 3407 directoribuS‚
695 3346 813 3407 per
858 3332 960 3391 ter
1007 3346 1117 3391 sex
1162 3346 1417 3392 menses
1466 3328 1707 3392 sodalis
1761 3327 1854 3392 fui
1902 3327 2294 3407 ordinarius3
2354 3347 2542 3409 prae-

193 3436 374 3498 terea
421 3433 505 3497 ad
552 3433 1044 3499 exercitationes
1092 3434 1454 3515 philologas
1496 3433 1804 3498 Huebner
1853 3439 1918 3499 et
1959 3433 2225 3514 Vahlen,
2277 3436 2360 3500 ad
2406 3436 2542 3517 epi-

193 3540 536 3621 graphicas
568 3539 917 3623 Kirchhoff‚
967 3542 1050 3605 ad
1088 3540 1454 3604 theodiscas
1487 3541 1809 3623 Roediger
1842 3540 2113 3605 Scherer
2160 3542 2535 3622 Schroeder,

194 3646 275 3709 ad
319 3646 665 3712 historicas
712 3647 922 3711 Koser
967 3646 1212 3711 aditum
1259 3646 1537 3729 benigne
1585 3647 1743 3711 mihi
1788 3647 2239 3728 permiserunt.

367 3753 660 3834 Denique
720 3754 870 3818 inde
930 3772 969 3817 a
1023 3772 1173 3818 vere
1221 3772 1278 3817 a.
1333 3755 1500 3817 1885
1564 3752 1804 3818 sodalis
1865 3751 1954 3816 fui
2014 3754 2344 3819 societatis
2394 3773 2539 3819 aca-

194 3860 479 3924 demicae
526 3860 894 3941 philologae
940 3859 1397 3925 Berolinensis.

373 3966 633 4032 Gratias
667 3973 880 4032 autem
929 3968 1084 4032 viris
1129 3986 1268 4031 cum
1316 3966 1445 4030 illis
1494 3985 1653 4047 quos
1688 3966 2071 4046 enumeravi,
2122 3971 2257 4030 tum
2289 3967 2563 4032 Dielsio.

192 4070 592 4137 Kirchhoffio
649 4074 924 4155 denique
970 4072 1316 4138 Huebnero
1365 4071 1655 4137 Vahleno
1715 4093 1984 4155 quorum
2033 4092 2227 4154 saepe
2276 4074 2534 4139 adiutus

193 4195 332 4243 sum
377 4179 672 4261 benignis
721 4181 1022 4261 consiliis,
1073 4198 1194 4261 ago
1243 4177 1746 4244 candidissimas
