3075 5100
2530 392 2612 454 69

267 563 736 645 quodammodo
762 562 1062 627 turbatus
1078 566 1424 644 utrumque
1449 561 1656 642 docet,
1686 567 1752 629 et
1777 563 2126 630 editionem
2148 553 2317 631 hanc
2342 567 2615 633 alteram

267 671 458 751 longo
507 669 820 750 temporis
867 668 1210 734 intervallo
1253 671 1582 752 segregari
1630 690 1671 736 a
1715 671 1943 752 prima,
1995 689 2159 753 quae
2208 672 2367 738 duos
2414 673 2615 740 libros

265 778 577 860 genuinos
613 775 1004 855 continebat,
1040 779 1106 841 et
1139 776 1455 841 editorem
1488 778 1599 858 qui
1633 778 1884 843 curavit
1913 778 2237 843 hominem
2270 779 2614 846 admodum

263 885 488 950 rudem
519 882 751 961 fuisse3
804 883 934 963 qui,
979 899 1365 963 quamquam
1398 887 1602 948 testes
1648 884 1776 948 iam
1823 903 1949 949 non
1982 885 2345 968 exstabant,
2396 892 2614 953 tamen

261 1010 342 1057 ne
390 993 533 1073 ipse
581 990 840 1072 quidem
886 989 942 1052 is
1000 986 1150 1068 fuit,
1212 987 1323 1069 qui
1378 994 1649 1054 naturas
1706 990 2030 1054 variorum
2088 997 2426 1073 poetarum
2483 995 2614 1061 dis-

263 1103 575 1164 cerneret.
651 1096 948 1162 Genuina
981 1095 1149 1160 enim
1194 1113 1272 1160 ea
1319 1113 1485 1176 quae
1532 1114 1649 1160 nos
1697 1096 1954 1178 quidem
1987 1098 2297 1165 habemus
2330 1099 2467 1182 (IV,
2519 1121 2609 1168 cc.

265 1209 435 1270 2-7
450 1226 466 1284 ;
534 1205 634 1284 13,
706 1203 812 1287 14)
869 1202 1276 1284 interpositis
1336 1202 1663 1285 Lygdamo
1724 1209 1791 1268 et
1848 1206 2239 1288 panegyrico
2298 1207 2611 1275 vilissimo

263 1312 327 1376 in
377 1315 654 1376 exeunte
717 1308 852 1375 fere
901 1309 1258 1391 appendice
1305 1309 1543 1390 posuit.
1638 1309 1775 1374 Iam
1833 1311 2150 1392 quomodo
2211 1331 2444 1395 corpus
2504 1315 2608 1380 Ti·

261 1419 618 1484 bullianum
651 1416 801 1482 inde
851 1434 889 1480 a
922 1415 1178 1481 saeculo
1211 1416 1492 1480 secundo
1525 1422 1958 1498 propagatum
1996 1418 2084 1482 sit
2113 1417 2410 1484 bifariam
2456 1421 2613 1488 licet

258 1526 567 1605 iudicare,
617 1524 673 1590 si
723 1524 1026 1605 quidnam
1073 1523 1348 1588 moverit
1378 1523 1727 1588 monachos
1761 1529 2065 1606 excerpta
2111 1525 2225 1591 illa
2271 1525 2605 1610 facienteS‚

259 1638 331 1697 ut
363 1650 532 1714 quae
564 1630 736 1712 apud
770 1631 1163 1713 Lygdamum
1195 1630 1498 1711 leguntur
1548 1648 1625 1695 ea
1673 1630 1911 1695 Tibulli
1956 1631 2123 1698 libro
2173 1632 2451 1698 secundo
2500 1633 2610 1698 ad-

257 1739 644 1819 scriberent,
710 1738 1033 1820 explicare
1095 1738 1408 1803 volumus.
1511 1737 1847 1804 Editorem
1915 1739 2094 1804 illum
2167 1741 2332 1805 sumi
2388 1745 2610 1823 potest

258 1851 370 1911 aut
416 1850 624 1911 totam
671 1846 1092 1928 appendicem
1149 1860 1340 1928 quam
1401 1845 1543 1926 ipse
1606 1845 1810 1911 edidit
1865 1850 1940 1910 ut
1996 1847 2262 1913 tertium
2308 1847 2607 1913 volumen

257 1954 623 2036 (continens
673 1954 802 2018 683
851 1953 980 2035 vv.)
1028 1953 1254 2035 primis
1317 1951 1566 2017 duobus
1624 1952 1959 2037 (8lO‘vv.;
2019 1955 2149 2019 428
2198 1953 2325 2036 vv.)
2372 1955 2607 2019 iterum

257 2061 450 2127 editis
501 2060 848 2141 addidisse,
908 2065 1021 2125 aut
1083 2079 1224 2126 cum
1283 2059 1586 2140 secundo,
1646 2060 1823 2141 quod
1878 2060 2086 2142 primo
2135 2065 2278 2126 erat
2322 2060 2604 2143 brevius,

256 2168 321 2232 in
391 2185 594 2232 unum
664 2166 1228 2248 comprehendisse
1298 2185 1423 2231 non
1497 2167 1705 2231 solum
1771 2167 2085 2249 Lygdami
2156 2168 2418 2250 elegiaS,
2491 2169 2607 2234 sed

255 2272 509 2356 etiam¹)
558 2291 636 2338 ea
691 2274 976 2338 carmina
1022 2291 1188 2355 quae
1233 2272 1427 2338 hodie
1474 2273 1691 2354 quarti
1738 2273 1887 2339 libri
1934 2279 2264 2341 vocantur.
2352 2276 2439 2340 Et
2484 2276 2606 2341 hoc

255 2383 514 2464 quidem
561 2380 676 2445 illo
709 2380 1122 2446 verisim³lius
1170 2399 1313 2446 esse
1345 2380 1618 2446 videtur.
1702 2382 1843 2446 Duo
1878 2382 2078 2465 igitur
2110 2387 2247 2448 tum
2278 2383 2606 2448 volumina

256 2488 622 2555 Tibulliana
679 2525 760 2536 —
821 2488 1010 2554 venia
1082 2489 1269 2554 detur
1326 2487 1421 2554 ita
1476 2489 1734 2554 vocanti
1787 2525 1859 2535 —
1918 2489 1983 2554 in
2040 2489 2249 2556 lucem
2307 2489 2603 2572 prodisse

251 2598 571 2677 videntur,
634 2596 911 2678 primum
958 2614 1258 2663 versuum
1308 2599 1456 2676 810,
1521 2598 1871 2662 secundum
1920 2599 2295 2671 428-1-290
2342 2597 2603 2682 (Lygd.)

256 2707 334 2785 4-
363 2706 490 2768 211
547 2703 842 2787 (Paneg.)
885 2710 963 2781 -1-
1006 2706 1132 2767 154
1188 2704 1373 2788 (cycl.
1432 2708 1500 2769 et
1549 2702 1789 2786 Sulpic.
1842 2705 2016 2789 epp.)
2055 2706 2135 2787 -Ι-
2166 2706 2251 2769 28
2300 2703 2433 2788 (IV,
2492 2704 2599 2784 133

258 2811 366 2895 14)
405 2839 480 2864 =
520 2812 705 2874 1111.
821 2810 958 2888 Quo
1027 2808 1168 2875 fieri
1239 2811 1454 2893 potuit
1534 2815 1611 2876 ut
1685 2811 1949 2892 „liber
2016 2798 2373 2876 secun'dus“
2449 2810 2603 2876 olim

253 2918 334 2983 ad
394 2937 510 2983 sex
567 2918 811 2999 elegias
869 2917 1298 2998 TibullianaS,
1373 2930 1533 2999 quas
1591 2918 1733 2999 ipse
1801 2921 1997 2999 poeta
2059 2917 2383 2999 ediderat,
2453 2936 2601 2999 per-

250 3027 466 3091 tinens
535 3024 739 3089 multo
821 3024 1020 3090 latius
1100 3029 1358 3107 pateret
1428 3025 1708 3106 genuina
1776 3025 2125 3106 spuriaque
2207 3025 2596 3106 complexus,

251 3150 640 3215 quamquam
687 3130 967 3198 fortasse
1017 3132 1225 3198 editor
1273 3151 1353 3197 ne
1383 3132 1683 3198 voluerat
1730 3133 1987 3215 quidem
2036 3152 2170 3197 rem
2218 3133 2313 3198 ita
2362 3132 2593 3213 accipi;

252 3258 444 3321 quam
480 3237 735 3320 quidem
768 3240 1207 3323 partitionem,
1254 3259 1392 3305 cum
1427 3240 1640 3307 medio
1674 3242 1842 3323 quod
1876 3239 2112 3304 dicitur
2144 3258 2301 3306 aevo
2333 3240 2599 3305 ineunte

253 3366 329 3412 ex
377 3346 808 3412 voluminibus
867 3348 934 3411 in
982 3347 1232 3412 codices
1278 3352 1494 3417 textus
1544 3347 1839 3432 abiret²)‚
1900 3352 2221 3413 servatam
2270 3364 2411 3413 esse
2469 3365 2597 3412 non

252 3461 354 3521 est
401 3455 574 3537 quod
619 3472 943 3538 negemus
1040 3454 1331 3537 Namque
1386 3456 1511 3522 nisi
1557 3456 1679 3521 hoc
1736 3455 1923 3522 modo
1972 3455 2145 3537 quod
2194 3455 2273 3535 ei,
2333 3454 2443 3537 qui
2490 3472 2597 3518 ex-

395 3703 444 3773 1)
479 3702 633 3756 'I'um
671 3702 844 3771 igitur
867 3702 1071 3756 factum
1112 3720 1229 3758 esse
1269 3703 1498 3757 concedi
1532 3706 1718 3773 potest
1754 3702 1829 3770 id,
1868 3702 2012 3773 quod
2048 3702 2213 3771 paulo
2238 3704 2366 3771 post
2390 3700 2593 3754 Tibulli

249 3795 480 3847 mortem
517 3822 586 3830 —
623 3791 703 3844 ita
737 3790 948 3845 Birtius
987 3822 1052 3830 -
1090 3792 1241 3845 nullo
1277 3792 1438 3846 modo
1474 3791 1913 3861 permittebatur.

392 3879 438 3950 2)
473 3880 557 3933 De
595 3879 784 3933 codice
824 3880 1150 3934 Santeniano
1189 3881 1282 3950 qui
1321 3880 1541 3935 exhibet
1574 3883 1729 3942 „Albi
1759 3881 1943 3934 Tibulli
1975 3881 2057 3933 lib.
2096 3880 2193 3931 11ae
2230 3879 2584 3933 dubitaveris.

251 3970 330 4023 Ac
355 3969 632 4037 Hauptius
659 3968 878 4038 quidem
902 3970 986 4022 vir
1010 3969 1432 4024 humanissimus
1453 3970 1514 4039 (1.
1540 3970 1599 4036 1.)
1627 3970 1864 4024 coniecit
1888 3968 2160 4038 exemplar
2184 3969 2461 4035 integrum
2484 3984 2595 4022 non

249 4059 440 4125 fuisse,
477 4073 602 4112 cum
637 4057 744 4111 duo
782 4059 1157 4112 tantummodo
1193 4058 1322 4111 libri
1358 4060 1791 4111 numerarentur.
1866 4056 2127 4121 Quaestio
2168 4056 2372 4125 pendet
2409 4072 2472 4109 ex
2512 4072 2594 4123 eo,

250 4150 313 4201 ut
351 4146 527 4216 qualis
565 4146 734 4200 fuerit
767 4146 894 4200 finis
930 4147 1058 4200 libri
1096 4146 1320 4201 secundi
1356 4147 1775 4200 demonstretur.
1847 4145 2053 4210 Quodsi
2088 4144 2409 4213 respicimus
2444 4144 2592 4199 hunc

254 4236 497 4289 codicem
520 4235 693 4289 multo
717 4235 976 4289 maiorem
1004 4252 1120 4290 esse
1148 4235 1436 4305 excerptiS‚
1474 4234 1655 4289 facere
1680 4252 1791 4289 11011
1816 4250 2101 4304 possumus
2129 4234 2261 4303 quin
2289 4232 2591 4301 credamus,

253 4324 551 4395 significari
588 4341 697 4380 non
733 4326 908 4379 solum
946 4342 1038 4379 eos
1078 4341 1213 4396 quos
1250 4341 1393 4379 nunc
1431 4340 1687 4379 vocamus
1732 4323 1903 4378 libros
1941 4324 2094 4391 duos,
2133 4324 2227 4378 sed
2265 4324 2497 4393 primum
2536 4326 2593 4375 et
