3075 5100
2506 317 2699 382 45·

254 496 358 560 sed
412 514 557 560 cum
617 495 791 569 dicat
845 512 914 558 se
963 494 1328 574 relinquere
1376 493 1439 556 in
1489 494 1700 560 medio
1746 499 1963 559 utrum
2013 495 2344 576 epicedion
2394 495 2589 576 paulo

246 607 392 684 post
423 601 664 666 Tibulli
697 606 967 667 mortem
999 601 1195 682 <quod
1243 619 1436 666 unum
1486 605 1733 666 rectum
1781 600 1945 680 est1)
1994 619 2077 664 an
2125 601 2250 666 alio
2298 606 2589 683 tempore

245 709 556 790 scriptum
589 709 694 788 sit,
729 707 1006 774 fructum
1041 707 1421 789 cognitionis
1454 708 1597 789 ipse
1630 708 1751 773 sibi
1785 707 2073 772 abstulit.
2168 708 2265 772 De
2301 711 2589 776 versibus

243 822 460 882 autem
521 819 626 880 57.
665 816 746 880 58
807 815 1078 880 adnotat
1133 815 1293 880 haec
1349 816 1442 896 (p.
1481 813 1745 896 XXVI):
1816 814 2146 893 „Tibullus
2192 816 2273 878 in
2318 817 2429 879 hoc
2477 817 2587 900 (sc.

239 923 620 1004 Nemeseos)
685 945 894 986 amore
959 934 1238 986 mortuus
1295 933 1397 1001 est,
1467 933 1612 985 teste
1659 919 1879 984 Ovidio
1940 922 2008 983 in
2081 921 2413 1007 Epicedio,
2484 924 2593 986 ubi

245 1030 538 1095 Nemesis
595 1031 776 1094 dicit:
828 1028 992 1104 „Me
1037 1030 1228 1092 tenuit
1274 1029 1543 1092 moriens
1591 1029 1901 1116 deficiente
1946 1036 2180 1090 manu“
2232 1031 2341 1113 qui
2383 1053 2592 1094 versus

242 1141 644 1224 depromptus
701 1160 774 1201 ex
820 1136 1012 1221 elegia
1054 1137 1271 1221 prima
1317 1135 1464 1199 libri
1500 1136 1708 1221 primi
1764 1134 2120 1208 Tibulliani,
2172 1136 2415 1199 etiamsi
2460 1159 2586 1200 non

244 1247 326 1309 ad
353 1245 608 1326 verbum
637 1255 948 1329 ur9eatur‚
983 1243 1093 1306 hoc
1130 1243 1464 1306 certissime
1480 1227 1732 1327 prob-at.
1782 1243 2059 1306 nondum
2088 1243 2351 1330 finitum
2382 1242 2589 1328 fuisse

241 1353 400 1415 hunc
457 1374 752 1424 amorem,
809 1374 950 1415 cum
1011 1351 1202 1414 obiret
1259 1348 1500 1423 Albiu8,
1552 1351 1659 1412 sed
1704 1350 1781 1412 in
1829 1373 2056 1423 amore,
2107 1361 2173 1412 ut
2219 1349 2369 1421 dia-i,
2420 1373 2588 1413 mor-

240 1471 414 1521 tuum
435 1467 750 1544 poetam“.
824 1459 1036 1540 Atque
1066 1457 1284 1539 pergit
1313 1456 1412 1520 vir
1459 1457 1683 1521 doctus
1717 1456 1808 1538 (p.
1832 1457 2075 1537 XXXI)
2124 1457 2251 1521 ita:
2303 1453 2589 1542 „Nempe

242 1577 414 1628 acute
482 1565 638 1648 mihi
704 1565 1154 1645 Lachmannus
1211 1586 1378 1628 meus
1437 1575 1701 1628 statuere
1756 1565 1997 1628 videtur
2053 1565 2122 1627 in
2167 1563 2587 1626 Annotatione

239 1671 398 1735 libro
431 1673 607 1735 tertio
629 1673 924 1758 praeficta
957 1669 1056 1752 (cf.
1085 1691 1135 1736 S.
1163 1691 1224 1752 p.
1256 1671 1359 1751 43,
1386 1690 1449 1734 n.
1478 1671 1562 1752 3),
1598 1672 1790 1735 editos
1820 1683 1942 1734 tres
1974 1670 2459 1734 ultimoslibros
2508 1671 2586 1733 ab

240 1778 364 1842 alio
419 1789 561 1863 post
619 1790 879 1843 mortem
893 1777 942 1856 2)
1001 1778 1245 1843 Tibulli.
1365 1777 1657 1850 Tibullus,
1716 1789 1783 1840 ut
1838 1778 2108 1841 vidimus
2154 1801 2367 1864 supra,
2420 1800 2588 1840 mor-

237 1897 378 1948 tuus
435 1897 567 1950 erat
627 1887 652 1948 i
665 1910 708 1948 n
769 1909 980 1950 amore
1035 1884 1320 1948 Nemesis
1335 1935 1350 1965 ‚
1412 1886 1522 1971 qui
1582 1907 1763 1950 amor
1808 1907 1945 1947 eum
1991 1907 2116 1948 non
2145 1886 2373 1971 finitus
2420 1895 2586 1964 esset,

237 2015 346 2056 nec
381 1992 537 2056 liber
575 1994 874 2057 secundus
922 1991 1048 2056 diei
1079 2003 1284 2078 potest
1330 2015 1370 2055 a
1425 1991 1664 2055 Tibullo
1692 1993 1939 2078 finituri,
1990 1993 2097 2055 sed
2129 1991 2457 2077 probabile
2504 2002 2590 2055 est

237 2099 580 2184 lonyiorem
595 2096 641 2184 ³)
687 2100 984 2185 futurum
1025 2099 1230 2184 fuisse
1283 2111 1336 2162 et
1382 2099 1597 2183 priori
1658 2099 2081 2184 maynitudine
2136 2098 2499 2162 similiorem
2512 2095 2582 2181 ⁴),

236 2207 292 2268 si
331 2218 519 2291 poeta
566 2207 797 2270 diutius
841 2207 1086 2270 vixisset
1093 2230 1116 2280 ,·
1159 2229 1352 2291 neque
1398 2229 1536 2269 eum
1584 2206 1869 2270 edidisset
1914 2218 2054 2270 ante
2082 2207 2284 2293 finem
2332 2205 2582 2268 amoris,

235 2313 430 2376 Nunc
459 2314 650 2397 iyitur
693 2324 761 2376 ut
805 2313 1063 2378 habetur
1109 2336 1182 2377 ea‘
1227 2312 1461 2376 schedis
1507 2311 1685 2374 Albii
1731 2313 1809 2376 ab
1858 2313 1983 2376 alio
2032 2313 2226 2376 editus
2274 2321 2359 2375 est
2404 2318 2583 2396 sqq.“

236 2419 417 2483 Haec
441 2420 776 2485 DissenuS.
849 2419 1182 2502 Exscripsi
1214 2424 1429 2485 autem
1459 2421 1619 2484 haec
1654 2421 1869 2484 omnia
1916 2438 2041 2502 quo
2072 2418 2278 2499 magis
2310 2415 2582 2498 patefiat

237 2527 683 2608 quaestionem
717 2527 1000 2609 pendere
1034 2546 1111 2593 ex
1145 2545 1219 2592 eo
1251 2531 1326 2592 ut
1356 2524 1578 2593 fictum
1616 2545 1758 2593 esse
1788 2525 1951 2591 illud
1985 2528 2311 2591 certamen
2343 2522 2583 2588 intelli-

239 2637 456 2713 gatur.
525 2633 662 2711 Quo
709 2633 1083 2707 factumest
1126 2638 1200 2699 ut
1231 2634 1543 2700 Dissenus
1592 2634 1674 2698 ad
1716 2633 1981 2699 verbum
2012 2632 2224 2697 omnia
2258 2630 2585 2711 explicans

235 2760 315 2805 ex
351 2740 655 2821 opinione
687 2758 804 2805 sua
837 2746 1121 2806 sumeret
1152 2741 1330 2805 mira.
1403 2740 1583 2805 Haec
1608 2745 1822 2805 autem
1858 2740 1951 2805 eis
1984 2757 2149 2821 quae
2176 2736 2583 2819 exposuimus

235 2848 318 2911 de
345 2847 674 2911 sententia
702 2845 854 2912 ficta
885 2848 1077 2927 plane
1103 2846 1485 2926 refutantur,
1525 2866 1736 2927 neque
1770 2828 2116 2927 quidquam
2152 2848 2359 2908 restat
2393 2860 2584 2923 argu-

232 2953 656 3019 mentationis
685 2954 808 3019 viri
841 2954 1014 3019 docti
1045 2954 1214 3035 quod
1247 2953 1730 3036 probabilitatis
1764 2954 2041 3034 speciem
2070 2970 2230 3035 prae
2277 2968 2347 3015 se
2394 2947 2579 3014 ferat.

418 3058 780 3127 Secundum
811 3061 1012 3144 igitur
1043 3060 1275 3125 librum
1309 3079 1348 3125 a
1396 3060 1648 3125 Tibullo
1698 3060 1943 3125 editum
1992 3076 2134 3124 esse
2182 3077 2259 3123 ex
2307 3054 2581 3137 epicedii

231 3188 332 3233 vv.
389 3168 495 3235 31.
535 3169 617 3232 32
679 3173 744 3233 et
812 3169 894 3232 53
919 3170 1074 3233 -58
1136 3167 1480 3249 colligitur.
1584 3168 1797 3249 Atque
1854 3166 2165 3247 probatur
2219 3165 2379 3229 haec
2439 3180 2584 3227 sen-

383 3364 430 3430 1)
466 3362 525 3416 C.
554 3362 618 3415 P.
649 3360 932 3415 Schulzius
970 3362 1056 3413 vir
1092 3362 1158 3414 de
1197 3360 1457 3427 elegiacis
1495 3360 1759 3413 Romanis
1798 3360 1999 3429 optime
2036 3358 2260 3411 meritus
2298 3356 2449 3409 recte
2489 3353 2583 3406 ad-

226 3455 394 3507 notat
436 3451 560 3522 (1.1.
594 3468 646 3520 p.
683 3452 811 3520 202)
867 3450 1153 3520 epicedion
1204 3466 1251 3504 a.
1279 3448 1481 3518 735s19
1538 3450 1803 3518 seriptum
1860 3465 2001 3511 esse;
2058 3451 2240 3501 tamen
2297 3458 2582 3514 perperam

228 3545 426 3596 censet
459 3540 576 3609 (1.1.
597 3558 650 3610 p.
673 3542 760 3607 52)
801 3540 866 3593 de
912 3538 1039 3592 libri
1079 3538 1342 3594 editione:
1401 3539 1701 3602 „Wc‘t‘hrend
1741 3540 1837 3589 das
1873 3550 1997 3589 erste
2021 3538 2165 3588 Buch
2190 3536 2348 3586 seiner
2374 3533 2581 3598 Eleqien

225 3633 356 3683 noch
383 3632 460 3681 bei
479 3632 640 3681 seinen
666 3630 922 3680 Lebzeiten
961 3646 1052 3679 von
1090 3629 1185 3678 ihm
1210 3630 1356 3679 selbst
1382 3629 1735 3693 veroffentliclzt
1761 3627 1957 3679 worden
1982 3627 2061 3689 ist,
2088 3626 2203 3677 sind
2226 3624 2357 3675 seine
2382 3622 2581 3685 u'briqen

231 3721 477 3773 Gediclzte
511 3737 782 3770 zusammen
817 3719 904 3769 mit
940 3718 1092 3769 denen
1117 3719 1246 3771 eines
1267 3721 1514 3784 jiinyeren
1544 3718 1789 3779 DichterS,
1818 3717 1903 3766 des
1927 3716 2229 3782 Lyqdamus,
2268 3712 2370 3763 und
2395 3709 2581 3775 einiyen

224 3810 450 3861 anderen
489 3818 586 3858 erse
621 3809 745 3859 nach
781 3809 958 3859 seinem
1005 3808 1138 3857 Tode
1175 3808 1557 3873 kerausqeqeben
1596 3805 1841 3857 worden.“
1916 3802 2034 3856 Hoc
2072 3805 2361 3870 utrumque
2400 3800 2583 3852 autem

223 3897 371 3951 velis
406 3896 678 3966 remisque
717 3896 822 3949 sibi
868 3896 1141 3965 repugnat
1187 3907 1365 3963 neque
1417 3893 1576 3947 video
1626 3893 1896 3963 quomodo
1944 3894 2029 3946 vir
2076 3891 2271 3945 doctus
2321 3885 2583 3952 coniungi

221 3975 394 4057 posse
433 3986 681 4038 senserit.

375 4072 425 4142 2)
461 4072 530 4129 cf.
587 4088 726 4141 quae
765 4073 997 4127 disserui
1033 4072 1178 4127 infra
1213 4089 1267 4141 p.
1308 4074 1376 4128 63
1403 4087 1538 4141 sqq„
1568 4072 1635 4127 68
1662 4087 1782 4141 sqq.

376 4162 422 4233 ³)
458 4162 543 4216 De
579 4161 682 4215 hac
719 4178 778 4215 re
816 4162 1050 4215 disserui
1083 4161 1142 4214 in
1180 4161 1352 4215 altero
1391 4161 1570 4231 capite
1606 4177 1659 4230 p.
1688 4162 1758 4217 58
1786 4176 1903 4229 sqq.

375 4252 428 4319 4)
470 4251 540 4305 cf.
568 4251 603 4306 i.
633 4267 688 4320 p.
717 4252 786 4307 58
815 4267 951 4321 sqq„
990 4252 1059 4303 72
1092 4266 1210 4320 sqq.
