3075 5100
555 351 638 414 38

555 545 696 592 cum
743 526 1016 607 Deliam,
1068 527 1450 606 praesertim
1501 531 1786 606 nuptam,
1854 524 2144 592 Tibullus
2202 531 2354 592 ante
2408 545 2637 592 novem
2697 547 2915 592 annos

555 636 634 715 (a.
682 636 717 696 7
727 633 958 709 26s28)
1025 650 1261 722 amare·
1314 633 1634 713 desiisset,
1709 651 1849 697 cum
1919 633 2244 698 Nemesim
2314 633 2685 699 adamasset
2756 641 2917 716 post

555 757 823 820 eamque
885 738 1224 820 Glyceram
1281 737 1387 819 (cf.
1421 758 1484 819 p.
1523 740 1679 820 46)‘?
1782 739 2005 821 Neque
2069 740 2238 805 enim
2299 745 2476 805 recte
2534 741 2600 805 id
2662 741 2919 806 dixerit

558 847 726 928 quis,
776 845 1046 925 Deliam,
1097 863 1481 926 quamquam
1529 865 1781 912 amores
1828 847 2019 927 plane
2066 846 2261 910 soluti
2310 852 2545 922 essent,
2590 849 2919 928 temporis

553 952 898 1018 intervallo
948 956 1052 1016 sat
1095 952 1289 1034 longo
1335 953 1725 1033 interposito
1775 970 1915 1017 cum
1964 953 2320 1017 audivisset
2351 952 2677 1017 Tibullum
2726 973 2919 1017 mor-

555 1065 735 1125 tuum
787 1077 928 1124 esse
977 1077 1222 1123 summo
1271 1076 1412 1123 cum
1447 1061 1663 1124 studio
1713 1077 1975 1125 curasse
2007 1064 2079 1122 ut
2112 1060 2191 1123 ad
2241 1057 2429 1124 funus
2480 1060 2657 1125 illius
2706 1079 2914 1142 quam

558 1167 892 1232 celerrime
949 1170 1346 1246 properaret.
1412 1202 1482 1210 --
1535 1165 1715 1230 Idem
1769 1166 1837 1230 in
1894 1164 2217 1231 Nemesim
2278 1167 2469 1230 cadit.
2585 1165 2753 1230 Nam
2824 1185 2917 1230 110

558 1292 702 1338 00111
759 1273 1016 1354 quidem
1074 1271 1184 1352 qui
1243 1272 1455 1336 obiter
1503 1268 1739 1336 Tibulli
1799 1271 2035 1335 librum
2098 1272 2447 1336 secundum
2505 1275 2917 1352 percurrerit

556 1377 799 1459 fugerit
845 1379 1063 1459 qualia
1110 1383 1490 1460 argumenta
1535 1371 1988 1458 depingantur.
2079 1378 2165 1442 Et
2210 1397 2594 1459 quamquam
2643 1381 2917 1444 concedi

561 1489 782 1566 potest
840 1484 1158 1549 Tibullum
1237 1484 1341 1548 hic
1395 1484 1530 1548 illic
1596 1501 1703 1548 res
1772 1485 1987 1549 verbis
2057 1501 2252 1564 super
2318 1484 2577 1548 modum
2648 1487 2917 1551 auxisse

563 1628 644 1638 -—
695 1592 808 1656 sed
854 1591 977 1656 hoc
1024 1592 1123 1654 ius
1179 1572 1280 1655 est
1333 1595 1568 1671 poetae
1621 1625 1696 1634 —-·
1748 1594 1965 1654 tamen
2022 1589 2181 1654 satis
2240 1594 2496 1654 constat
2548 1592 2667 1656 has
2724 1593 2915 1673 ipsas

559 1698 816 1778 iniquas
862 1695 1061 1761 fuisse
1109 1701 1370 1776 tamque
1417 1713 1685 1776 asperas
1741 1699 1815 1758 ut
1860 1714 1940 1759 ne
1998 1697 2283 1760 carmina
2338 1696 2595 1776 quidem
2658 1699 2917 1780 aliquid

559 1803 947 1886 prodessent
1004 1800 1108 1884 (cf.
1146 1801 1283 1866 Tib.
1318 1801 1399 1878 ΙΙ,
1437 1805 1496 1880 4,
1544 1802 1617 1864 13
1652 1801 1816 1882 sqq.)
1875 1807 1943 1866 et
1991 1801 2278 1866 Tibullus
2334 1802 2415 1866 ab
2464 1802 2583 1866 hoc
2629 1805 2740 1884 qui
2802 1807 2911 1869 vix

561 1915 712 1991 apte
775 1910 868 1974 ita
925 1914 1192 1973 vocatur
1245 1927 1463 1973 amore
1521 1926 1592 1972 50
1651 1907 1987 1971 abdicaret
2042 1908 2472 1988 compluribus
2532 1909 2683 1993 (hoc
2736 1909 2915 1975 infra

563 2033 949 2097 exponemus
998 2035 1058 2095 p.
1099 2016 1183 2077 48
1233 2016 1402 2094 sqq.)
1451 2014 1638 2078 annis
1686 2013 2061 2094 priusquam
2118 2014 2285 2079 diem
2342 2033 2713 2094 supremum
2775 2017 2915 2080 obi-

429 2189 432 2192 ,
561 2126 680 2187 ret.
775 2120 1000 2201 Neque
1049 2120 1218 2184 enim
1267 2120 1669 2184 condiciones
1718 2124 1823 2184 sat
1866 2137 2133 2200 asperas
2191 2136 2354 2199 quae
2410 2119 2913 2188 intercedebant

562 2230 733 2293 inter
803 2226 1124 2290 Tibullum
1195 2231 1262 2291 et
1320 2226 1645 2291 Nemesim
1698 2230 1927 2306 postea
1979 2225 2277 2290 meliores
2338 2224 2543 2290 factas
2602 2245 2747 2292 0550
2808 2230 2913 2294 vel

561 2339 822 2416 poetam
887 2332 1104 2413 plures
1174 2351 1365 2412 quam
1443 2333 1789 2397 traduntur
1868 2330 1977 2414 (cf.
2026 2332 2067 2395 i.
2117 2352 2180 2412 p.
2228 2333 2338 2412 74)
2410 2333 2653 2413 elegias
2736 2334 2914 2418 (qui-

561 2442 682 2506 bus
728 2439 845 2502 has
904 2438 1306 2503 condiciones
1354 2439 1654 2504 meliores
1710 2438 2072 2503 illustratas
2120 2456 2262 2502 esse
2320 2438 2646 2522 crederes)
2706 2443 2912 2524 scrip-

563 2548 726 2614 sisse
775 2546 994 2626 itaque
1043 2544 1340 2610 Ovidium
1399 2566 1478 2611 ex
1531 2545 1825 2626 pluribus
1883 2564 2072 2626 quam
2128 2563 2243 2610 nos
2299 2542 2583 2611 fontibus
2640 2548 2911 2613 haurire

563 2653 853 2732 potuisse
915 2657 1016 2716 est
1074 2652 1243 2733 quod
1310 2670 1655 2732 5010011105,
1724 2670 1863 2715 00111
1923 2650 2307 2731 praesertim
2367 2652 2533 2717 liber
2588 2656 2911 2721 secundus

569 2758 780 2839 elegia
827 2758 916 2823 VI
962 2759 1102 2839 ipse
1148 2758 1483 2838 aptissime
1530 2758 1866 2823 conclusus
1914 2757 2020 2821 sit.

749 2864 926 2928 Haec
957 2864 1160 2943 igitur
1207 2865 1316 2944 qui
1363 2862 1712 2946 diligenter
1758 2864 2305 2945 perpensitaverit
2333 2882 2599 2931 11000550
2633 2872 2736 2932 est
2766 2888 2914 2949 per-

566 2990 829 3037 suasum
898 2970 1136 3035 habeat
1205 2970 1456 3035 Deliam
1526 2973 1593 3034 et
1660 2969 1986 3035 Nemesim
2056 2988 2136 3034 ne
2206 2969 2577 3036 interfuisse
2650 2975 2913 3053 quidem

570 3077 806 3142 Tibulli
863 3075 1072 3139 funeri
1127 3112 1211 3122 —
1262 3075 1494 3139 nedum
1550 3076 1644 3139 ita
1708 3082 1781 3142 ut
1837 3076 2109 3158 legimus
2174 3076 2341 3156 apud
2402 3076 2703 3143 Ovidium
2772 3098 2908 3144 cer-

570 3184 813 3247 tavisse
860 3187 1200 3263 utramque
1252 3219 1323 3228 —
1379 3181 1690 3263 nefasque
1740 3200 1881 3247 0550
1928 3183 2011 3247 011
2059 3182 2321 3249 verbum
2368 3183 2793 3265 interpretari
2828 3204 2907 3250 ea

570 3308 734 3371 quae
781 3290 974 3353 rebus
1023 3287 1403 3356 Tibullianis
1453 3293 1556 3353 sat
1602 3294 1827 3370 aperte
1875 3293 2241 3370 repugnant
2272 3294 2340 3354 et
2369 3291 2552 3370 quasi
2584 3310 2691 3355 res
2727 3297 2909 3357 actae

569 3400 916 3459 narrentur
995 3396 1061 3459 in
1140 3399 1382 3459 certum
1453 3414 1639 3460 usum
1709 3400 2101 3461 convertere.
2223 3397 2399 3474 Quae
2468 3415 2579 3461 cur
2650 3396 2910 3463 finxerit

573 3501 839 3567 Ovidius
886 3502 1014 3565 iam
1062 3502 1420 3582 apparebit.

749 3608 1062 3673 Notitiam
1109 3609 1250 3689 ipse
1297 3608 1582 3674 habebat
1628 3610 1853 3675 Deliae
1901 3616 1966 3675 et
2011 3608 2377 3689 Nemeseos,
2436 3609 2629 3689 primi
2689 3616 2757 3675 et
2814 3631 2909 3677 se-

573 3715 762 3779 cundi
808 3714 978 3795 libri,
1026 3714 1593 3793 accuratissimam,
1642 3732 1769 3778 non
1816 3715 2200 3780 mediocrem
2241 3715 2567 3780 habebant
2611 3716 2907 3783 lectores.

574 3822 754 3899 Quod
803 3822 857 3884 si
905 3840 943 3885 a
990 3820 1258 3885 solemni
1306 3821 1597 3885 oratione
1652 3819 1907 3884 initium
1964 3822 2225 3903 capiens
2281 3827 2623 3903 postquam
2674 3823 2907 3889 Tibulli

572 3927 805 3991 librum
875 3934 1217 4009 utrumque
1274 3929 1535 4008 longum
1601 3946 1831 3991 nomen
1894 3928 2261 3993 habiturum
2320 3947 2462 3993 esse
2522 3929 2907 3997 vaticinatus

574 4039 674 4099 est
721 4035 802 4098 ad
851 4034 1242 4115 simpliciora
1293 4040 1378 4115 et,
1438 4039 1511 4098 ut
1559 4034 1784 4114 dicam,
1842 4035 2223 4100 humaniora
2280 4035 2759 4100 condicionibus
2816 4038 2907 4101 eis

575 4160 732 4221 quas
782 4141 1069 4206 Tibullus
1118 4142 1183 4204 in
1233 4138 1478 4205 duobus
1529 4140 1918 4205 carminibus
1966 4140 2089 4220 (ΙΙΙ
2122 4146 2189 4205 et
2222 4142 2279 4219 I)
2313 4141 2623 4221 attigerat
2672 4143 2906 4207 excita-

576 4253 679 4312 tus
728 4248 1072 4312 transitum
1119 4248 1413 4328 parabat,
1465 4265 1605 4310 cum
1655 4246 1763 4311 ille
1812 4247 1903 4325 (in
1953 4247 2071 4328 III)
2105 4249 2184 4313 de
2216 4252 2425 4314 matre
2458 4267 2677 4314 sorore
2725 4250 2907 4315 Delia
