3075 5100
2609 273 2647 332 9

291 453 682 532 grammate,
721 447 944 513 eodem
975 446 1111 512 fere
1144 451 1438 528 tempore
1469 465 1546 512 ac
1575 447 1901 528 Vergilius
1933 451 2224 512 mortuus
2257 452 2375 528 est,
2411 448 2650 530 elegias

285 556 469 637 illas,
505 575 644 621 cum
672 574 837 620 anno
866 553 1020 641 727)
1031 556 1112 618 27
1133 552 1531 635 confecisset,
1562 555 1801 619 diutius
1825 553 2169 620 retinuisse
2192 555 2296 619 vel
2321 555 2650 622 dubitasse

285 665 360 728 in
412 664 621 727 lucem
671 663 968 728 emittere
1015 680 1134 726 nec
1179 681 1296 743 per
1344 678 1414 725 se
1461 660 1767 727 credibile
1815 665 1916 725 est
1963 665 2029 725 et
2076 678 2115 724 a
2145 665 2439 726 veterum
2470 681 2649 728 more

289 771 496 852 plane
545 769 870 835 abhorret.
1806 845 1809 850 ,

478 876 658 942 Haec
726 877 927 959 igitur
997 895 1074 941 ex
1130 875 1289 956 ipsis
1349 873 1741 939 carminibus
1795 891 1934 938 cum
1996 874 2462 955 probabilitate
2519 875 2649 940 col-

285 984 504 1065 ligere
549 984 720 1049 licet.

478 1090 691 1172 Atque
749 1089 998 1155 accedit
1051 1090 1240 1154 testis
1300 1089 1560 1170 gravior
1616 1086 1901 1152 Ovidius,
1998 1087 2118 1164 Qui
2177 1106 2317 1152 cum
2380 1087 2517 1153 fata
2575 1092 2652 1152 ut

294 1196 546 1260 artiore
609 1193 1057 1261 familiaritate
1121 1196 1336 1262 vivum
1385 1193 1708 1259 Tibullum
1764 1192 2265 1274 amplecteretur
2321 1213 2449 1260 non
2505 1213 2651 1276 per-

291 1302 666 1386 mitterent,
734 1302 900 1383 quod
962 1302 1102 1384 ipse
1166 1302 1343 1368 dolet
1399 1302 1464 1365 in
1523 1299 1807 1365 carmine
1867 1317 1941 1364 eo
2000 1317 2125 1382 quo
2186 1300 2389 1381 ipsius
2447 1300 2649 1366 vitam

296 1410 583 1491 explicat
639 1409 858 1490 (Trist.
895 1409 1002 1489 IV,
1045 1409 1244 1492 10)¹),
1319 1407 1556 1473 mortui
1627 1411 1843 1472 tamen
1912 1406 1979 1470 in
2052 1407 2443 1472 carminibus
2515 1409 2648 1473 suis

295 1518 560 1599 saepius
608 1517 997 1582 mentionem
1054 1514 1231 1582 facit.
1335 1516 1549 1593 Quare
1609 1532 1751 1578 cum
1807 1514 1872 1577 in
1933 1513 2091 1595 ipsis
2142 1515 2377 1580 Tibulli
2426 1515 2650 1598 elegiis

295 1643 430 1689 non
495 1623 704 1689 multa
772 1623 991 1703 insint,
1065 1641 1142 1687 ex
1189 1621 1420 1703 quibus
1490 1639 1641 1685 num
1697 1624 1892 1701 poeta
1951 1638 2117 1702 quae
2167 1621 2527 1702 composuit
2572 1639 2650 1686 ea

296 1730 578 1796 ediderit
639 1731 996 1812 quibusque
1051 1728 1450 1810 temporibus
1509 1727 1881 1810 colligatur,
1950 1727 2343 1809 gaudeamus
2392 1732 2651 1810 oportet

296 1838 476 1920 quod
507 1837 588 1902 ab
621 1836 850 1902 Ovidio
891 1836 1013 1901 hac
1060 1836 1125 1900 in
1172 1856 1245 1902 re
1276 1836 1679 1917 aliquantum
1713 1834 2005 1898 iuvamur
2038 1838 2104 1899 et
2152 1836 2501 1899 curandum
2550 1840 2652 1900 est

293 1949 376 2008 ut
399 1962 476 2008 ea
509 1961 674 2026 quae
707 1944 785 2008 de
812 1942 1065 2007 Tibullo
1100 1943 1284 2008 nobis
1317 1943 1518 2007 tradit
1534 1940 1585 2024 ²)
1612 1942 1957 2022 diligenter
1988 1945 2055 2005 et
2084 1941 2389 2022 religiose
2416 1941 2651 2005 exami-

296 2069 550 2130 nemuS‚
599 2069 681 2115 ne
729 2050 884 2132 quid
930 2049 1138 2131 fugiat
1191 2069 1309 2115 nos
1359 2049 1528 2132 quod
1578 2048 1659 2112 ad
1706 2047 2017 2112 librorum
2064 2046 2251 2112 huius
2300 2046 2648 2113 editionem

294 2157 536 2224 valeat.
614 2156 964 2222 Videamus
996 2155 1199 2237 igitur
1232 2156 1384 2237 quid
1420 2155 1499 2219 de
1530 2154 1739 2236 primo
1781 2152 1947 2217 libro
1982 2152 2249 2218 Ovidius
2283 2154 2645 2220 tradiderit.

483 2265 556 2329 In
605 2265 796 2329 Trist.
845 2264 956 2329 lib.
991 2263 1056 2328 II
1101 2281 1326 2329 versus
1373 2263 1677 2344 leguntur
1722 2260 1791 2324 hi
1839 2257 2143 2346 (46314):

425 2371 431 2376 ’
1519 2368 1856 2453 leyiturque
1911 2372 2189 2436 Tibullus

767 2489 821 2541 et
856 2477 1067 2564 placet
1113 2488 1167 2540 et
1212 2477 1341 2539 iam
1388 2487 1442 2540 te
1481 2477 1771 2563 principe
1816 2491 1995 2543 notus
2041 2492 2190 2546 erat.

475 2584 617 2650 Hoc
664 2584 985 2650 distichon
1030 2585 1152 2650 viri
1201 2584 1371 2649 docti
1402 2602 1534 2649 non
1568 2590 1742 2651 recte
1777 2587 2205 2669 interpretati·
2225 2591 2396 2668 sunt,
2447 2588 2643 2653 immo

296 2711 382 2757 ex
440 2693 532 2756 eis
591 2692 701 2773 qui
760 2692 840 2757 de
889 2691 1124 2757 Tibulli
1185 2691 1320 2755 vita
1377 2695 1443 2756 et
1498 2691 1759 2772 scriptis
1819 2695 2219 2776 scripserunt
2264 2695 2644 2776 complureS‚

293 2799 480 2865 velut
505 2800 817 2865 Dissenus
843 2798 910 2883 (l.
937 2798 1010 2880 l.)
1037 2802 1103 2864 et
1128 2796 1472 2862 Teuffelius
1490 2794 1538 2880 3)
1566 2816 1645 2861 ne
1672 2806 2332 2867 commemoraverunt
2356 2802 2643 2884 quidem;

296 2906 476 2989 quod
521 2926 623 2971 me
671 2906 881 2971 iudice
929 2906 1160 2969 mirum
1210 2909 1518 2987 quantum
1551 2904 1726 2969 valet
1756 2906 1838 2971 ad
1872 2907 2021 2972 libri
2071 2909 2263 2990 primi
2297 2909 2647 2974 editionem

295 3013 619 3097 quomodo
669 3017 736 3077 et
782 3030 908 3094 quo
957 3016 1249 3093 tempore
1296 3010 1469 3076 facta
1515 3011 1604 3077 sit
1642 3012 2070 3093 probabiliter
2104 3016 2644 3085 constituendam.

479 3119 748 3184 Ovidius
806 3120 1020 3185 Tomis
1077 3123 1366 3185 moratus
1425 3118 1733 3183 Tristium
1790 3119 1956 3185 libro
2015 3122 2223 3188 altero
2286 3123 2647 3203 Augustum

295 3226 652 3308 alloquitur
710 3230 782 3290 ut
835 3226 1000 3291 iram
1057 3226 1193 3290 eius
1250 3225 1502 3289 leniret.
1598 3226 1734 3290 Iam
1794 3245 2178 3310 quamquam
2227 3228 2647 3310 relegationis

295 3332 513 3397 Ovidii
571 3350 764 3398 causa
811 3351 976 3415 quae
1022 3330 1220 3397 fuerit
1266 3350 1392 3396 non
1443 3334 1604 3397 satis
1653 3338 1939 3415 constat,
2005 3336 2129 3401 etsi
2176 3335 2363 3400 multi
2411 3336 2478 3401 in
2525 3336 2646 3401 hac

295 3441 679 3524 quaestione
748 3440 1158 3507 dissolvenda
1220 3439 1461 3504 versati
1527 3444 1709 3521 sunt,
1777 3445 1995 3505 tamen
2065 3461 2140 3508 ex
2212 3442 2645 3525 compluribus

443 3670 488 3740 1)
523 3686 608 3722 vv.
649 3670 734 3724 51.
771 3671 870 3725 52:

854 3759 1120 3825 Veryz‘lium
1157 3759 1266 3809 vida·
1299 3768 1508 3822 tantum,
1560 3777 1646 3809 nec
1692 3777 1872 3810 amara
1916 3760 2105 3815 Tibadlo

988 3861 1172 3914 tempus
1209 3849 1464 3902 amicitiae
1493 3850 1625 3914 sata
1662 3848 1838 3899 dedere
1874 3866 2032 3910 meae,-

443 3935 492 4003 2)
527 3935 864 3991 Testimonia
901 3938 966 3991 de
1007 3937 1214 3991 Tibulli
1251 3937 1366 3990 vita
1403 3938 1459 3989 et
1494 3936 1651 4004 poesi
1700 3951 1838 4004 quae
1878 3939 2066 3990 extant
2104 3939 2160 3990 et
2199 3937 2347 4005 apud
2384 3937 2642 3992 Ovidium

296 4029 354 4081 et
392 4026 528 4078 alias
553 4024 764 4079 Hillero
804 4026 952 4095 quod
990 4042 1052 4079 ex
1072 4026 1262 4095 Vulpii
1301 4026 1538 4079 editione
1564 4024 1863 4094 repetenda
1888 4025 2100 4078 curavit
2126 4025 2385 4079 debemus
2410 4027 2643 4093 gratiam

293 4116 378 4185 (in
417 4113 547 4169 edit.
586 4131 637 4183 p.
668 4114 1068 4183 XX—XXIV).

445 4200 492 4269 3)
528 4201 756 4257 Studien
793 4203 904 4257 und
944 4201 1445 4256 Charakteristiken
1487 4206 1589 4259 etc.
1667 4203 1852 4271 Leipz.
1898 4203 2080 4271 1889²‚
2116 4219 2168 4271 p.
2196 4204 2496 4259 465—509.
