3075 5100
2476 369 2556 432 27

191 535 606 615 triumphum
641 535 984 600 Messallae
1016 536 1332 618 designat,
1368 539 1480 603 sed
1513 538 1707 619 paulo
1742 541 2094 621 obscurius,
2132 540 2203 606 cf.
2235 543 2315 622 II,
2346 547 2404 623 5,
2438 547 2475 608 5
2496 543 2559 629 ¹),

192 641 266 704 h.
303 642 350 706 1.
390 647 525 706 tam
559 642 804 706 diserte
834 643 1145 724 triumphi
1177 645 1567 710 mentionem
1600 645 1869 725 faceret3
1920 648 1984 711 id
2034 649 2200 712 enim
2237 651 2561 731 studebat,

191 754 300 829 ut,
368 767 510 812 cum
568 749 755 812 modo
813 750 1116 815 universo
1179 752 1458 816 carmine
1508 751 1687 834 (VII)
1742 771 1846 816 res
1895 773 1933 817 a
1978 754 2284 820 Messalla
2344 762 2562 837 gestas

196 855 474 935 copiose
533 856 950 935 depinxisset,
1025 857 1177 922 data
1257 858 1592 922 occasione
1675 861 1909 922 iterum
1991 860 2215 926 laudes
2286 861 2561 927 fautoris

196 971 499 1030 caneret.
609 962 791 1042 Quod
848 963 1182 1045 aptissime
1227 965 1324 1028 ita
1378 965 1636 1047 peregit
1692 970 1765 1029 ut
1820 985 1947 1030 non
2004 966 2145 1046 ipse
2192 968 2561 1034 Messallam

196 1072 516 1135 laudaret
585 1072 698 1135 sed
765 1069 1082 1150 agricolas
1155 1089 1296 1134 eum
1368 1072 1615 1137 salvum
1694 1091 1835 1138 esse
1912 1072 2249 1138 iubentes·
2294 1074 2556 1141 faceret.

199 1179 462 1255 Quodsi
507 1177 905 1242 Baehrensio
955 1177 1272 1241 credimus
1321 1176 1393 1259 (l.
1429 1178 1467 1241 1.
1506 1198 1567 1258 p.
1608 1181 1718 1261 22)
1770 1179 2013 1261 elegias
2048 1180 2329 1244 Marathi
2378 1188 2562 1262 post

202 1303 261 1348 c.
306 1285 433 1349 VII
489 1285 764 1364 scriptas
826 1300 969 1348 esse
1029 1302 1084 1346 a.
1125 1281 1371 1370 728126
1429 1284 1795 1366 librumque
1858 1286 2103 1350 editum
2154 1285 2399 1372 729125
2460 1289 2561 1353 vel

207 1389 504 1474 730124,
555 1410 684 1456 non
746 1389 952 1456 solum
1014 1390 1299 1454 rationes
1363 1409 1527 1473 quae
1584 1392 1990 1456 intercedere
2037 1393 2335 1458 videntur
2390 1395 2563 1460 inter

202 1497 342 1562 Vll
373 1501 440 1561 et
461 1497 496 1560 I
521 1497 947 1561 obscurantur
961 1495 1014 1577 2)
1042 1495 1156 1560 sed
1183 1497 1378 1560 etiam
1407 1503 1706 1578 tempora
1737 1499 1886 1563 libri
1922 1501 2186 1564 secundi
2218 1520 2452 1582 magna
2483 1520 2562 1566 ex

203 1608 408 1686 parte
442 1602 916 1667 confunduntur
942 1601 1042 1676 (cf,
1073 1603 1112 1666 i.
1141 1621 1202 1683 p.
1231 1604 1316 1666 48
1351 1603 1536 1686 sqq.).
1590 1603 1830 1670 Contra
1862 1606 1917 1670 si
1942 1606 2036 1670 ita
2054 1611 2129 1670 ut
2154 1607 2561 1687 exposuimus

205 1709 701 1790 ratiocinamur,
761 1709 1003 1772 clarum
1059 1707 1134 1772 fit
1183 1709 1504 1774 Tibullum
1559 1711 1795 1777 librum
1850 1713 2127 1794 primum
2174 1713 2365 1792 paulo
2414 1719 2563 1794 post

205 1835 262 1880 c.
309 1816 430 1882 VII
489 1814 846 1881 confectum
901 1820 1209 1880 autumno
1269 1834 1325 1879 a.
1362 1813 1605 1902 727127
1670 1819 1969 1885 edidisse.
2078 1818 2259 1897 Quod
2317 1838 2434 1900 per
2490 1839 2561 1885 se

201 1923 568 1988 'verisimile
617 1927 860 1986 certum
917 1920 994 1986 fit
1051 1922 1104 1986 si
1161 1923 1517 2004 cogitamus
1580 1925 1813 1991 librum
1872 1927 2221 1991 secundum
2280 1927 2361 1991 ab
2418 1926 2559 2006 ipso

210 2029 475 2096 Tibullo
513 2027 660 2109 (hoc
692 2029 1271 2096 demonstrabimus
1298 2029 1490 2112 infra)
1527 2032 1769 2096 editum
1804 2051 1945 2098 esse
1977 2053 2059 2098 ne
2092 2033 2268 2098 brevi
2304 2033 2561 2114 quidem

209 2141 570 2218 autequam
617 2139 978 2200 moreretur
1037 2139 1121 2216 (a.
1161 2133 1438 2222 735119)
1495 2139 1609 2204 sed
1670 2138 2104 2220 compluribus
2162 2141 2348 2205 annis
2408 2146 2561 2205 ante

210 2243 304 2325 (a.
338 2241 477 2307 fere
527 2239 821 2326 730124).

397 2350 628 2430 Itaque
680 2385 756 2394 --
807 2353 882 2414 ut
927 2349 1142 2413 omnia
1198 2369 1361 2431 quae
1419 2369 1683 2416 necesse
1746 2358 1845 2417 est
1904 2353 2334 2434 respiciantur
2390 2372 2558 2417 com-

210 2457 694 2538 prehendamus
746 2491 821 2500 -—
887 2456 942 2519 si
991 2461 1250 2521 constat
1294 2457 1536 2521 nullam
1598 2457 1745 2522 libri
1812 2459 2003 2538 primi
2062 2460 2333 2541 elegiam
2388 2459 2561 2524 ultra

213 2586 276 2629 a.
314 2562 562 2650 727127
596 2564 967 2645 procedere,
1019 2564 1073 2627 si
1119 2565 1470 2631 verisimile
1519 2570 1619 2631 est
1666 2565 1897 2630 librum
1950 2576 2300 2635 secundum
2333 2585 2391 2631 a.
2426 2566 2562 2633 fere

215 2672 471 2751 730124
521 2669 878 2735 confectum
928 2676 995 2735 et
1035 2671 1278 2735 editum
1312 2690 1474 2752 esse,
1527 2672 1582 2735 si
1617 2672 1988 2737 conceditur
2018 2672 2254 2735 librum
2287 2674 2560 2752 primum

214 2778 500 2843 secundo
551 2796 691 2843 esse
739 2779 1039 2859 priorem,
1091 2778 1368 2859 denique
1417 2779 1472 2843 si
1519 2798 1647 2843 non
1693 2778 2003 2842 habemus
2036 2779 2207 2859 quod
2241 2778 2560 2845 Tibullum

215 2885 434 2949 c,V11
480 2883 766 2951 confecto
829 2886 1041 2950 omnia
1099 2884 1381 2950 editione
1443 2885 2003 2967 comprehendisse
2064 2885 2427 2950 dubitemus
2479 2924 2550 2933 —-

211 2996 406 3073 patet
449 2990 684 3056 librum
732 2991 1009 3070 primum
1064 2991 1257 3073 paulo
1313 2998 1464 3073 post
1512 3011 1565 3057 o.
1601 2993 1727 3057 VII
1772 2992 2197 3073 compositum
2242 2998 2559 3078 ‘autumno

214 3120 272 3165 a.
313 3095 626 3184 7271273)
682 3098 924 3162 editum
973 3116 1146 3177 esse3
1197 3118 1322 3179 quo
1371 3097 1607 3163 factum
1658 3104 1759 3163 est
1802 3105 1877 3163 ut
1925 3098 2191 3165 Ovidius
2241 3100 2561 3181 principa-

362 3309 408 3377 1)
446 3310 514 3363 cf.
543 3308 868 3363 Lachmann.
909 3307 944 3363 1.
971 3308 1006 3362 1.
1033 3325 1086 3377 p.
1120 3309 1234 3363 157.

357 3398 406 3467 2)
452 3397 630 3462 Quare
684 3414 754 3451 ne
803 3396 860 3452 O.
898 3396 960 3450 P.
998 3396 1310 3451 Schulzium
1361 3398 1581 3469 quidem
1638 3415 1835 3469 sequar
1892 3402 2203 3453 censentem
2261 3398 2397 3467 eleg.
2433 3399 2563 3453 libri

213 3486 447 3543 secundi
493 3486 522 3539 I
569 3503 615 3542 a.
653 3486 852 3557 731123
901 3485 990 3539 vel
1025 3487 1224 3557 732122
1276 3489 1536 3558 scriptam
1588 3506 1705 3543 esse
1741 3488 2051 3559 (Romische
2098 3478 2387 3557 Elegiker,
2414 3489 2559 3544 Berl.

217 3579 359 3633 1884
374 3577 398 3609 ²
420 3593 474 3644 p.
501 3574 606 3643 72).

362 3664 410 3735 3)
443 3663 736 3734 Perperam
773 3665 1082 3733 nuperrime
1119 3663 1353 3719 Olsenus
1399 3668 1483 3720 vir
1521 3667 1883 3730 doctissimUS,
1922 3670 1985 3719 ut
2022 3667 2167 3735 quod
2207 3684 2270 3720 ex
2309 3683 2562 3721 versuum

214 3754 625 3823 comparatione
671 3752 764 3825 (cf.
791 3755 826 3809 i.
853 3770 905 3822 p.
945 3756 1012 3809 50
1040 3756 1143 3823 sq.)
1193 3754 1589 3810 demonstrasse
1640 3756 1745 3809 sibi
1790 3755 2094 3818 videbatur,
2146 3755 2214 3808 ad
2251 3754 2457 3808 Tibulli
2506 3759 2563 3809 et

215 3844 498 3912 Propertii
542 3842 809 3897 librorum
855 3847 1100 3912 tempora
1148 3842 1454 3897 definienda
1499 3847 1558 3899 in
1604 3862 1761 3899 usum
1813 3860 1969 3896 suum
2015 3846 2361 3897 converteret
2408 3846 2561 3897 ratus

221 3937 470 4002 (prorsus
508 3932 668 3985 aliter
705 3949 770 3985 ac
807 3932 1080 4003 plerique)
1115 3949 1226 3986 non
1261 3931 1610 4001 Propertium
1655 3934 1927 3986 imitatum
1977 3947 2094 3984 esse
2140 3931 2417 3985 Tibullum
2466 3934 2562 3987 sed

218 4020 500 4074 Tibullum
537 4020 884 4090 Propertium
931 4022 1154 4090 scripsit
1188 4021 1532 4094 (Commentt.
1562 4022 1823 4092 philolog.
1851 4022 1909 4075 in
1944 4020 2068 4074 hon.
2098 4020 2269 4074 sodal.
2300 4020 2560 4090 Gryphis-

215 4109 374 4164 wald.
404 4113 506 4165 etc,
582 4110 762 4165 Berol.
795 4112 928 4166 1887
967 4127 1017 4179 Ρ.
1047 4114 1140 4182 31)
1176 4110 1340 4167 haec:
1392 4114 1518 4174 „Abs
1564 4112 1783 4175 Properz
1828 4112 1909 4161 die
1956 4112 2151 4162 meisten
2194 4111 2430 4163 Gedichte
2476 4112 2561 4162 des

218 4200 480 4253 IL—III.
520 4200 715 4251 Buchee
749 4201 949 4261 schrieb,
1004 4218 1110 4251 war
1154 4200 1316 4253 Tibula
1353 4202 1471 4251 noc-lt
1511 4204 1597 4251 mit
1632 4200 1809 4251 seinem
1855 4210 2009 4250 ersten
2048 4200 2217 4249 Buche
2256 4202 2557 4269 beschdstiqt.

218 4291 297 4340 Es
333 4290 397 4340 ist
437 4290 542 4340 also
593 4290 715 4342 auch
760 4308 814 4340 so
852 4289 1384 4353 unwakrscheinlicker,
1432 4289 1551 4340 dass
1605 4288 1767 4342 Tibull
1814 4289 1919 4339 dem
1964 4290 2187 4355 Proper-z
2238 4289 2443 4339 Vorbild
2482 4307 2561 4355 ye-
