3075 5100
2494 357 2577 417 65

232 524 623 591 carminibus
671 529 925 590 auctam
974 525 1320 591 editionem
1367 525 1719 591 verisimile
1768 532 1870 592 est
1916 528 1981 593 in
2022 529 2228 595 lucem
2262 531 2555 612 prodisse

230 632 524 714 Namque
571 637 638 697 et
682 650 800 714 per
845 650 915 697 se
961 631 1339 698 incredibile
1387 637 1488 698 est
1533 632 1877 715 plerosque
1923 639 2060 700 tum
2106 635 2235 702 iam
2286 637 2581 718 explora-

229 743 361 803 tum
409 757 540 804 non
585 737 888 804 habuisse
946 757 1112 821 quae
1173 738 1410 804 Tibulli
1466 757 1631 821 quae
1678 739 1953 806 aliorum
2002 748 2220 808 essent
2267 745 2572 825 carmina,

228 845 320 909 ita
365 848 441 909 ut
487 845 748 926 impune
796 845 1089 925 genuinis
1137 846 1360 927 spuria
1397 845 1478 910 ab
1515 845 1765 911 editore
1798 849 2023 929 quovis
2057 853 2575 931 contexerentur,

229 957 294 1017 et
347 952 601 1017 accedit
657 952 830 1034 qu'od
887 951 1206 1017 Martialis
1264 952 1330 1016 in
1376 952 1889 1034 epigrammaton
1944 954 2109 1022 libro
2157 955 2309 1021 XIV
2356 975 2408 1022 c.
2440 959 2574 1028 ,193

229 1057 468 1123 Tibulli
499 1059 594 1124 ita
626 1059 1016 1125 mentionem
1047 1057 1202 1124 facit
1235 1063 1306 1123 ut
1341 1058 1537 1124 licere
1584 1059 1739 1125 mihi
1789 1062 2047 1143 quidem
2094 1064 2394 1130 videatur
2440 1082 2579 1129 cre-

226 1165 399 1246 dere,
449 1184 534 1230 ne
579 1165 748 1231 hunc
781 1164 1038 1247 quidem
1069 1169 1207 1230 tum
1240 1164 1432 1250 (anno
1463 1163 1599 1230 fere
1634 1167 1718 1230 84
1748 1168 1851 1232 vel
1884 1170 1967 1233 85
2001 1187 2063 1250 p.
2100 1167 2271 1252 Chr.)
2290 1166 2341 1249 ¹)
2388 1169 2577 1252 plura

226 1273 484 1337 novisse
532 1288 723 1354 quam
773 1291 936 1354 quae
985 1272 1126 1354 ipse
1173 1271 1324 1336 olim
1377 1271 1667 1338 Tibullus
1700 1272 1904 1338 edidit
1934 1291 2229 1356 quaeque
2261 1274 2399 1339 sola
2432 1275 2575 1356 ipsa

223 1366 340 1460 per
387 1384 597 1444 totum
645 1378 970 1444 saeculum
1013 1379 1460 1444 innotuerant:
1511 1379 1857 1460 „Deliam“
1893 1385 1959 1447 et
1991 1380 2397 1462 „Nemesim“
2438 1382 2481 1447 i.
2516 1401 2571 1463 e,
2638 1391 2643 1396 “

227 1487 507 1566 primum
556 1490 624 1551 et
670 1486 1018 1551 secundum
1067 1485 1320 1550 librum.
1435 1483 1564 1550 Sed
1614 1504 1755 1551 cum
1803 1486 1882 1550 de
1941 1486 2062 1552 hoc
2108 1485 2576 1568 epigrammate

223 1592 418 1658 aliter
467 1592 581 1657 alii
627 1592 952 1658 senserint
1003 1611 1163 1674 opus
1211 1596 1313 1658 est
1355 1591 1643 1658 breviter
1689 1591 2141 1674 interpretari3
2191 1594 2364 1674 quod
2407 1592 2571 1676 legi-

225 1719 364 1765 mus
413 1699 544 1764 ita:

1214 1804 1596 1872 Tibullus

557 1912 760 1974 Ussit
806 1922 1146 1976 amatorem
1191 1911 1477 1976 Nemesis
1524 1911 1810 1974 lasciva
1864 1910 2177 1974 Tibullum

703 2019 783 2081 in
828 2029 990 2082 tota
1034 2018 1222 2081 iuvit
1269 2040 1476 2104 quem
1523 2017 1719 2081 nihil
1764 2039 1917 2082 csse
1960 2018 2187 2081 domo.

402 2125 615 2207 Atque
682 2124 1126 2189 hexametrum
1190 2124 1446 2207 quidem
1506 2124 1837 2205 pertinere
1897 2124 1980 2189 ad
2034 2123 2271 2188 librum
2334 2123 2570 2189 Tibulli

219 2232 573 2300 secundum
621 2230 689 2296 in
737 2235 1040 2312 promptu
1089 2235 1208 2297 est.
1311 2229 1495 2296 Ussit
1542 2249 1707 2297 sane
1762 2248 1955 2312 quam
2010 2229 2570 2297 vehementissime

225 2338 553 2404 Tibullum
600 2337 914 2418 Nemesis,
965 2337 1136 2419 quod
1185 2334 1457 2418 patefiet
1503 2337 1559 2401 si
1608 2336 1691 2401 ad
1737 2335 1915 2418 ipsas
1974 2335 2165 2402 buius
2226 2336 2377 2402 libri
2437 2337 2568 2402 ele-

220 2446 361 2527 gias
411 2444 872 2510 accesserimus
907 2441 1010 2528 (cf.
1047 2463 1108 2524 p.
1145 2445 1229 2507 26
1262 2461 1321 2508 n.
1368 2444 1448 2525 l),
1484 2442 1801 2526 imprimis
1834 2452 2151 2524 quartam,
2202 2443 2379 2510 cuius
2415 2447 2568 2525 apte

221 2552 517 2619 conferas
563 2569 788 2618 versus
837 2552 897 2632 5,
934 2552 1004 2615 6:

543 2670 598 2723 et
643 2680 748 2724 acu
795 2659 950 2744 quid
993 2656 1196 2721 merui
1239 2679 1344 2722 seu
1389 2653 1547 2739 nil')
1584 2655 1975 2742 peccavimus
2018 2656 2197 2721 urit.

647 2787 860 2829 uror.-
905 2765 966 2828 io
1012 2786 1270 2844 remove,
1318 2786 1502 2829 saeva
1533 2762 1773 2849 puella,
1806 2762 2007 2849 facea.

401 2870 752 2953 Epitheton
813 2888 1064 2953 quoque
1122 2869 1354 2934 lasciva
1424 2870 1506 2935 ad
1564 2868 1892 2935 Nemesim
1966 2868 2209 2949 optime
2265 2868 2561 2949 quadrat.

220 2977 351 3044 Sed
402 2977 481 3041 de
530 2980 936 3058 pentametro
986 2976 1317 3059 paulisper
1363 2974 1734 3058 ambigitur,
1796 2979 1991 3058 atque
2053 2973 2289 3039 factum
2338 2979 2440 3041 est
2487 2979 2562 3040 ut

217 3084 346 3150 viri
393 3083 568 3149 docti
614 3084 681 3149 in
727 3082 942 3148 varias
988 3087 1209 3164 partes
1257 3084 1686 3151 discederent.
1772 3081 1908 3147 Iam
1956 3080 2323 3147 memineris
2371 3081 2565 3147 velim

219 3192 496 3257 eundem
541 3188 676 3255 fere
723 3207 980 3255 versum
1026 3190 1158 3272 legi
1205 3189 1271 3255 in
1320 3188 1559 3255 Tibulli
1606 3189 1756 3254 libri
1802 3188 1994 3270 primi
2042 3186 2252 3269 elegia
2297 3187 2383 3252 V:

545 3297 657 3361 illa
703 3296 949 3380 (Delia)
998 3308 1170 3382 reyat
1217 3307 1479 3370 cunctae,
1529 3295 1628 3359 illi
1672 3296 1797 3360 sint
1843 3296 2055 3360 omnia
2102 3317 2286 3360 curae
2300 3318 2321 3357 .-

311 3405 399 3469 30
656 3414 729 3467 at
774 3403 969 3469 iuvet
1014 3405 1092 3467 in
1138 3414 1302 3467 tota
1349 3425 1454 3467 me
1501 3402 1697 3466 nihil
1741 3424 1895 3467 csse
1942 3402 2221 3466 dom0.“

400 3510 864 3593 Argumentum
914 3515 1015 3575 est
1059 3511 1217 3577 hoc:
1265 3514 1479 3592 poeta,
1531 3526 1674 3575 cum
1705 3508 1933 3573 Deliae
1978 3507 2201 3572 morbo
2235 3504 2562 3572 confectae

216 3619 571 3685 interesset
619 3613 719 3699 (cf.
754 3635 810 3682 v.
837 3619 888 3680 v9
924 3616 1110 3699 sqq),
1169 3635 1438 3700 sperans
1496 3634 1636 3681 eam
1700 3632 2034 3680 evasuram
2097 3631 2239 3680 esse
2286 3611 2564 3678 finxerat

216 3728 418 3793 vitam
469 3722 592 3789 sibi
641 3728 708 3789 et
753 3722 849 3788 illi
897 3724 1412 3790 amoenissimam
1457 3722 1739 3789 futuram
1788 3739 1958 3800 esse3
2009 3720 2179 3803 quod
2223 3723 2300 3786 ut
2346 3720 2563 3784 incen-

362 3918 410 3985 1)
448 3916 680 3971 Secutus
729 3931 850 3969 sum
905 3916 1388 3972 Friedlaenderum
1422 3916 1518 3987 (M.
1561 3914 1771 3971 Valerii
1808 3912 2080 3968 Martialis
2132 3912 2561 3982 epigrammaton

213 4008 365 4075 libri,
407 4006 508 4060 mit
545 4003 678 4059 erkl.
705 4003 859 4059 Anm.
938 4005 1124 4075 Leipz.
1161 4007 1310 4073 1886,
1341 4009 1370 4058 2
1397 4004 1563 4070 vost).

359 4094 410 4166 ²)
443 4094 564 4149 Hoc
600 4094 750 4147 recte
797 4109 920 4146 cum
953 4092 1181 4147 Heinsio
1227 4092 1438 4163 recepit
1473 4092 1754 4147 Vahlenus
1808 4106 1908 4161 pro
1958 4088 2156 4160 „quid“
2198 4088 2345 4160 quod
2381 4088 2561 4143 aufert

215 4184 624 4257 oppositionem
662 4197 824 4251 quam
860 4181 1173 4250 flagitamus
1216 4182 1380 4239 hanc:
1439 4198 1538 4236 seu
1587 4180 1721 4250 quid
1766 4179 1940 4234 merui
1966 4202 2032 4223 =
2058 4193 2278 4245 nocens,
2334 4193 2432 4231 seu
2478 4175 2559 4230 nil

212 4272 564 4345 peccavimus
590 4294 657 4319 ει·
684 4270 964 4326 innocens.
