3075 5100
476 307 560 370 48

469 484 736 562 accedit,
797 482 968 563 quod
1023 501 1102 546 ne
1161 484 1362 548 tradit
1420 484 1677 564 quidem
1736 482 2000 549 Ovidius
2065 484 2389 550 Nemesim
2462 486 2832 548 extremum

469 608 750 655 amorem
782 586 1010 668 fuisse3
1055 589 1166 670 qui
1202 589 1360 654 dicit
1389 609 1446 654 v.
1477 592 1589 654 54:
1643 589 2087 677 „Nemesisque
2122 592 2489 677 priorque
2536 588 2832 669 (Delia)“

469 716 549 762 ex
618 696 848 778 quibus
924 694 1138 760 verbis
1214 696 1281 759 id
1350 699 1603 760 tantum
1672 701 1849 760 recte
1920 697 2247 778 colligitur
2316 696 2488 778 quod
2559 695 2831 759 aliunde

470 804 629 870 satis
686 807 908 867 notum
967 805 1066 866 est
1133 788 1388 866 Deliam
1446 801 1663 883 prius
1736 808 2017 868 amatam
2088 821 2230 870 esse
2279 801 2559 882 Nemesi‚
2609 786 2703 866 ita
2752 805 2834 866 ut

468 911 525 974 si
580 909 906 975 reicienda
962 913 1061 971 est
1117 907 1232 972 illa
1292 909 1373 973 de
1433 907 1694 996 Nemesi
1754 911 1986 990 poetae
2034 909 2369 993 morientis
2416 927 2677 972 manum
2727 912 2831 973 te-

468 1021 663 1082 nente
693 1015 909 1096 opinio
941 1013 1130 1094 plura
1161 1033 1238 1078 ex
1285 1035 1339 1080 v.
1373 1015 1456 1078 54
1505 1013 1810 1094 colligere
1858 1014 2037 1082 nefas
2084 1015 2191 1082 sit.
2283 1015 2557 1080 Versum
2604 1019 2832 1079 autem

471 1125 577 1204 32,
615 1123 728 1204 qui
760 1123 844 1187 ad
875 1121 1130 1188 easdem
1177 1121 1462 1202 pertinet
1493 1121 1743 1202 puellas
1790 1140 1830 1187 a
1862 1122 2113 1188 Tibullo
2162 1104 2431 1204 amatae,
2481 1121 2604 1186 viri
2651 1121 2833 1185 docti

468 1247 812 1311 perperam
868 1228 1284 1308 interpretati
1339 1232 1506 1292 sunt.
1616 1227 1873 1294 Etenim
1930 1227 1990 1292 h.
2029 1228 2074 1292 1.
2137 1227 2401 1292 Ovidius
2458 1246 2585 1291 non
2633 1227 2831 1292 modo

471 1336 626 1424 dicit
656 1337 934 1419 primum
967 1353 1250 1399 amorem
1280 1332 1484 1398 fuisse
1532 1335 1805 1416 Deliam,
1857 1335 2180 1402 Nemesim
2230 1354 2445 1400 curam
2493 1337 2829 1400 recentem

470 1443 666 1524 (quod
699 1462 781 1508 ne
812 1461 928 1524 per
961 1460 1031 1507 se
1063 1441 1320 1524 quidem
1351 1441 1520 1506 idem
1555 1446 1655 1506 est
1686 1446 1882 1523 atque
1918 1445 2383 1524 „extremam“)
2416 1478 2497 1488 —
2525 1446 2593 1506 et
2625 1441 2827 1506 vehe-

467 1555 719 1614 menter
751 1549 877 1613 sibi
907 1552 1264 1612 nocuerunt
1295 1548 1418 1612 viri
1451 1549 1625 1614 docti
1671 1549 1841 1630 quod
1889 1550 1957 1614 in
2004 1555 2411 1632 pentametro
2456 1548 2828 1613 haerebant

469 1655 825 1720 hexametri
895 1655 1281 1720 sententiam
1338 1674 1466 1720 non
1522 1660 1700 1721 recte
1758 1656 2195 1738 intelligentes
2272 1693 2345 1701 —
2416 1655 2531 1721 sed
2589 1655 2670 1719 de
2728 1653 2829 1718 eis

467 1762 703 1843 puellis
736 1779 900 1843 quae
934 1760 1324 1826 carminibus
1359 1761 1551 1837 (libro
1582 1762 1789 1842 primo
1822 1767 1890 1828 et
1934 1762 2242 1844 secundo)
2292 1762 2530 1827 editis
2578 1780 2821 1826 nomen

471 1873 805 1934 assecutae
871 1873 1077 1932 erant.
1181 1867 1362 1945 Quod
1433 1867 1489 1931 si
1561 1866 1827 1934 Ovidius
1886 1869 2199 1951 Glycerae
2256 1869 2612 1950 elegiarum
2666 1868 2731 1931 h.
2777 1867 2823 1932 l.

467 1977 859 2042 mentionem
916 1992 1041 2040 non
1105 1972 1261 2039 facit
1316 1992 1394 2038 ex
1453 1992 1527 2038 eo
1586 1975 1945 2055 explicatur
2000 1975 2170 2058 quod
2225 1976 2326 2041 vel
2386 1975 2532 2057 ipse
2574 1974 2827 2038 nullam

471 2101 691 2147 earum
723 2081 1021 2145 notitiam
1055 2080 1282 2146 habuit
1311 2080 1413 2145 vel
1447 2080 1501 2144 si
1533 2079 1828 2166 habuit1)
1877 2100 2001 2147 non
2050 2099 2324 2163 aequum
2372 2082 2627 2146 censuit
2673 2099 2823 2147 esse
2933 2153 2943 2160 ‚

471 2207 582 2253 eas
615 2205 1112 2253 commemorare
1143 2187 1312 2269 quod
1358 2186 1424 2251 in
1470 2187 1677 2251 lucem
1724 2188 2003 2252 nondum
2050 2188 2427 2269 prodierant
2473 2193 2540 2254 et
2585 2188 2824 2269 pleris-

468 2315 592 2378 que
661 2313 787 2359 non
852 2298 1038 2359 erant
1117 2297 1444 2374 comperta
1459 2291 1532 2377 ²).
1636 2293 1861 2360 Altero
1928 2299 2144 2360 autem
2198 2296 2339 2360 loco
2399 2296 2485 2376 (v.
2528 2296 2613 2359 53
2645 2295 2821 2378 sqq.)

471 2406 868 2483 quantopere
929 2400 1301 2465 certaminis
1357 2399 1585 2463 Deliae
1643 2405 1710 2465 et
1767 2401 2119 2466 Nemeseos
2193 2402 2402 2484 vigori
2472 2406 2821 2467 noceretur

469 2507 714 2574 tertia
760 2505 976 2588 puella
1007 2507 1263 2574 adiecta
1295 2505 1625 2589 Gruppius
1672 2507 1813 2589 ipse
1846 2506 1916 2589 (l.
1940 2508 1983 2573 l.
2012 2527 2071 2589 p.
2108 2508 2265 2589 220)
2298 2525 2689 2591 quamquam
2738 2507 2821 2573 de

473 2615 755 2680 editione
799 2613 951 2677 libri
997 2633 1124 2679 non
1168 2618 1347 2679 recte
1396 2613 1721 2679 sentiebat
1766 2615 2102 2695 aptissime
2150 2613 2545 2699 docue1·at³).

651 2722 966 2802 Tempora
1031 2738 1286 2803 quoque
1345 2738 1509 2801 quae
1582 2721 1837 2801 quidem
1905 2720 2333 2803 probabiliter
2400 2721 2606 2786 statui
2670 2738 2820 2801 pos-

469 2829 600 2895 sint
670 2827 1034 2895 sententiae
1098 2846 1280 2892 meae
1336 2844 1460 2892 non
1517 2832 1898 2909 repugnant.
2025 2827 2325 2909 Namque
2374 2842 2516 2889 cum
2565 2825 2821 2889 constet

467 2931 725 2998 Horatii
795 2934 1146 2999 carminum
1214 2932 1418 2999 libros
1490 2939 1624 2999 tres
1689 2934 1930 3015 primos
1978 2952 2035 2998 a.
2078 2930 2325 3017 731123
2389 2931 2600 2997 editos
2650 2947 2815 3008 esse,

469 3056 731 3107 necesse
803 3046 904 3106 est
975 3059 1230 3105 carmen
1283 3039 1343 3120 1,
1380 3040 1464 3105 33
1531 3044 1684 3106 ante
1747 3041 1918 3106 hunc
1987 3058 2223 3105 annum
2290 3038 2605 3119 scriptum
2674 3054 2818 3101 esse

612 3179 658 3247 ¹]
693 3179 1027 3233 Horatius
1067 3180 1161 3249 qui
1196 3178 1402 3233 factum
1440 3180 1514 3233 sit
1550 3181 1615 3233 ut
1636 3180 1955 3250 priusquam
1982 3180 2274 3233 ederentur
2296 3178 2489 3232 horum
2516 3176 2817 3231 carminum

468 3268 724 3322 notitiam
760 3268 991 3323 hab-eret
1027 3267 1190 3321 facile
1228 3266 1582 3336 intelligitur,
1622 3285 1743 3321 cum
1782 3270 2021 3323 sciamus
2060 3284 2125 3323 ex
2162 3266 2518 3338 epistolarum
2566 3265 2664 3319 lib.
2703 3266 2734 3318 I
2768 3282 2815 3317 c.

469 3355 548 3412 IV
591 3371 714 3409 eum
757 3355 976 3411 Tibullo
1017 3376 1284 3408 sermonum
1325 3358 1540 3408 candido
1580 3358 1739 3409 iudice
1800 3357 2220 3411 familiarissime
2259 3372 2417 3409 usum
2454 3372 2592 3409 esse.
2656 3354 2815 3408 Ovi-

470 3443 650 3498 dium
687 3448 870 3498 autem
908 3445 975 3498 ab
1021 3446 1141 3514 ipso
1180 3444 1398 3498 Tibullo
1446 3445 1511 3499 de
1561 3445 1843 3515 quibusvis
1892 3445 2222 3499 carminibus
2271 3444 2561 3498 certiorem
2607 3444 2813 3497 factum

470 3550 587 3587 esse
638 3533 788 3587 credi
833 3550 942 3587 non
988 3550 1150 3603 posse
1205 3550 1371 3603 supra
1426 3534 1769 3604 exposuimus
1805 3536 1878 3605 (p.
1914 3534 2031 3602 2o);
2089 3534 2183 3604 qui
2238 3537 2421 3588 tamen
2477 3550 2542 3586 ex
2599 3531 2813 3586 Horatii

470 3638 514 3675 c.
543 3621 591 3688 Ι,
629 3623 698 3676 33
735 3621 840 3674 hoc
879 3622 1018 3676 scire
1055 3623 1252 3692 potuit.

609 3708 658 3779 ²)
691 3710 1058 3766 Baehrensius
1096 3712 1270 3780 igitur
1303 3712 1362 3782 (l.
1388 3711 1426 3764 l.
1451 3728 1502 3780 p.
1534 3711 1869 3780 7—11)n0n
1888 3711 2047 3764 modo
2073 3727 2374 3781 perperam,
2406 3711 2552 3780 quod
2580 3710 2814 3780 Glycera

467 3800 526 3853 in
567 3798 813 3868 epicedio
849 3816 961 3854 non
998 3801 1464 3866 commemoratur,
1505 3799 1743 3853 offensus
1781 3801 1881 3867 est,
1920 3800 2017 3854 sed
2053 3800 2218 3855 etiam
2254 3799 2430 3855 levius
2466 3800 2596 3853 inde
2625 3800 2812 3867 colligi

467 3904 627 3957 posse
666 3888 919 3957 opinatus
957 3888 1178 3942 Albium
1215 3904 1376 3958 quem
1413 3887 1713 3957 alloquitur
1737 3886 1999 3942 Hora-tius
2036 3888 2203 3942 alium
2242 3905 2360 3943 esse
2398 3891 2563 3959 atque
2592 3887 2810 3942 Albium

467 3975 746 4030 Tibullum
781 3980 1001 4046 poetam
1038 3976 1357 4045 elegiacum.

611 4063 658 4131 ³)
696 4064 902 4119 Similis
939 4065 1173 4119 fortasse
1211 4065 1353 4118 ratio
1392 4065 1575 4134 priore
1616 4079 1831 4133 quoque
1869 4063 1989 4119 loco
2026 4066 2098 4136 (v.
2130 4067 2284 4138 31s2)
2318 4065 2575 4119 Ovidium
2614 4065 2806 4119 movit:

467 4170 538 4207 ne
574 4154 767 4208 miram
801 4154 955 4209 illam
990 4156 1243 4208 binorum
1280 4170 1502 4224 operum
1554 4154 2017 4222 comparationem
2062 4154 2157 4226 (cf.
2187 4171 2229 4210 s,
2258 4172 2310 4225 p.
2341 4142 2406 4211 31
2450 4156 2601 4225 sqq.)
2644 4154 2807 4210 tertio

471 4243 703 4313 quodam
741 4243 948 4297 Tibulli
986 4243 1202 4298 adiecto
1240 4244 1503 4297 turbaret.
