3075 5100
2458 333 2539 396 53

177 507 462 589 possint.
561 507 634 571 Id
671 525 924 588 quoque
973 506 1128 570 mihi
1178 507 1423 587 placuit
1470 507 1639 589 quod
1690 525 1768 572 ea
1815 525 1942 589 qua
1989 506 2102 571 alii
2150 509 2363 588 specie
2410 527 2539 574 non

177 615 277 678 ita
347 615 662 695 deceptus
719 617 844 693 est,
926 619 1000 677 ut
1053 613 1416 694 opinionem
1479 614 1670 678 istam
1734 615 1813 677 de
1874 613 2133 678 Nemesi
2188 619 2539 680 extremo

176 739 406 786 amore
440 721 525 785 ad
555 739 693 786 rem
741 720 985 802 aliquid
1025 719 1241 786 valere
1290 723 1604 787 crederet.
1700 721 1937 786 Tamen
1984 720 2107 800 hic,
2160 740 2301 786 cum
2348 723 2541 788 aliter

175 833 384 909 atque
433 828 533 891 illi
604 847 681 891 ex
747 826 1105 893 rationibus
1162 829 1243 892 ad
1301 848 1502 910 genus
1561 827 1815 894 dicendi
1862 827 2326 908 spectantibus,
2378 847 2539 910 quas

175 935 596 999 intercedere
655 934 982 1000 existimat
1037 935 1208 1000 inter
1262 935 1431 1000 hunc
1488 936 1733 1018 cyclum
1789 939 1858 1000 et
1913 934 2249 1016 primum
2305 934 2539 999 librum

173 1041 541 1107 artioribus
599 1059 791 1122 quam
838 1041 1008 1106 inter
1065 1041 1307 1125 cyclum
1357 1048 1423 1106 et
1468 1043 1703 1108 librum
1759 1042 2210 1122 secundum,
2275 1039 2540 1121 colligat

171 1149 353 1213 hunc
385 1153 751 1230 temporum
794 1149 1046 1214 ratione
1095 1147 1318 1212 habita
1365 1149 1430 1213 in
1478 1150 1689 1215 medio
1740 1149 2101 1230 ponendum
2151 1165 2310 1226 esse,
2362 1166 2537 1212 erra-

177 1255 360 1319 visse
410 1254 570 1318 mihi
617 1255 891 1320 videtur.
987 1257 1145 1320 Rem
1196 1260 1411 1320 autem
1460 1256 1556 1321 ita
1606 1257 1971 1338 complexus
2021 1259 2121 1320 est
2168 1255 2237 1335 (l.
2276 1254 2315 1318 l.
2360 1273 2422 1336 p.
2452 1257 2534 1320 89

171 1361 348 1445 sq.):
449 1411 486 1442 ‚‚
517 1361 644 1424 Wir
660 1363 909 1448 fanden
936 1364 1097 1427 diese
1122 1375 1274 1427 erste
1299 1360 1557 1450 G'ruppe
1592 1363 1728 1448 (IV,
1760 1365 1797 1426 2
1838 1400 1865 1408 --
1894 1365 1961 1446 7)
1999 1363 2110 1426 der
2131 1361 2536 1447 Sulpiciaele-

173 1469 362 1553 yieen
411 1469 479 1532 in
532 1470 700 1532 einer
731 1470 920 1534 Reilze
965 1493 1082 1534 von
1132 1471 1607 1535 bezeichnenden
1658 1470 2168 1554 Erecheinunyen
2216 1471 2333 1533 den
2384 1467 2535 1533 Ele-

163 1577 354 1660 yieen
413 1577 519 1640 des
589 1588 784 1640 ersten
855 1576 1050 1641 tibull.
1111 1578 1356 1642 Buchea
1421 1579 1581 1658 &fter
1628 1579 1952 1641 besonders
1998 1575 2406 1640 nahestehend
2450 1577 2538 1638 im

166 1683 764 1768 Sprachyebrauche
789 1683 1015 1746 sowolzl
1061 1685 1156 1748 als
1201 1687 1268 1747 in
1317 1687 1434 1748 den
1476 1686 1919 1769 yeyevzseitiyen
1966 1683 2356 1766 Anklc'inyen,
2408 1705 2533 1746 wo—

171 1792 274 1854 bei
329 1791 585 1875 yewisse
629 1789 968 1855 tibullisclze
1016 1792 1676 1876 Lieblinysyebrduclze
1722 1794 1789 1855 in
1838 1794 1949 1856 der
1994 1792 2330 1863 schonaw-n,
2382 1814 2532 1853 man

169 1898 416 1960 mo'chte
463 1896 624 1959 wohl
667 1921 871 1982 Saye-n,
923 1900 1040 1962 den.
1089 1899 1609 1982 diesbezz‘iylichen
1656 1899 2029 1984 Halaepzmkt
2075 1897 2529 1970 &laudandam

167 2028 302 2066 nur
356 2004 718 2067 manckmal
783 2006 852 2068 in
923 2005 1364 2070 Einzelzalzlen
1434 2007 1588 2069 noch
1661 2017 1843 2070 etwas
1901 2005 2073 2068 mehr
2118 2005 2533 2090 auffallenden

191 2109 412 2191 Weise,
461 2113 576 2175 wie
621 2111 848 2175 solches
881 2113 960 2198 ja
1007 2113 1102 2176 bez·
1147 2110 1476 2176 Gediclzten
1520 2114 1883 2198 yar-inyeren
1943 2112 2267 2198 Umfany&
2319 2113 2532 2176 beson-

169 2221 322 2282 ders
335 2242 517 2282 wenn
543 2219 630 2282 sie
655 2241 720 2282 80
746 2219 1100 2303 unlduyhar
1117 2219 1326 2304 yefeilt
1341 2220 1502 2299 sind,
1519 2242 1585 2282 so
1613 2219 1923 2283 nat‘e'c'rliclz
1946 2222 2078 2283 und
2101 2221 2257 2284 auch
2281 2233 2448 2284 const
2466 2243 2533 2284 80
2554 2205 2589 2237 '²‘

171 2327 395 2413 hdufiy
427 2326 540 2388 der
570 2324 718 2388 Fau
761 2327 857 2398 ist,
907 2350 984 2389 za
1027 2328 1187 2410 Τα98
1233 2338 1422 2390 trecen
1467 2329 1601 2390 und
1646 2328 1761 2389 das
1805 2326 2135 2390 Metrisohe
2183 2328 2368 2391 neben
2404 2329 2533 2392 Be-

171 2434 543 2516 rilhrunyen
601 2433 714 2495 mit
781 2457 904 2496 nur
971 2433 1059 2495 im
1116 2445 1310 2497 ersten
1356 2433 1573 2498 Buclze
1634 2433 1761 2496 sich
1811 2435 2157 2520 findenden
2228 2434 2533 2500 kleineren

175 2539 614 2605 Einzellzeiten
700 2540 788 2603 im
869 2537 1123 2605 Ganzen
1210 2541 1310 2604 die
1394 2539 1867 2625 diesbeziiyliche
1953 2539 2345 2628 Ausbz’lduny
2424 2545 2535 2608 der

171 2648 566 2711 tibullischen
597 2648 806 2711 Kunst
853 2647 1100 2734 speciell
1145 2648 1212 2711 in
1259 2647 1454 2711 nahor
1482 2648 1763 2733 &cauny
1809 2672 1887 2711 zu
1924 2650 2042 2712 den
2073 2649 2531 2734 Deliaeleyieen

73 2748 82 2753 ’
173 2756 284 2820 des
360 2766 522 2819 esten
567 2755 814 2819 Buckes
868 2756 1000 2818 und
1053 2779 1129 2817 zu·
1181 2756 1474 2839 yewissen
1529 2756 1684 2818 noch
1738 2756 2020 2842 yefeilten
2068 2756 2365 2821 Partieen
2424 2760 2531 2821 des

171 2864 432 2927 zweiten
479 2862 824 2948 aafweist‘fi
921 2860 1134 2926 Meum
1185 2881 1310 2927 non
1362 2866 1463 2926 est
1518 2880 1935 2945 quaecunque
1998 2882 2077 2927 ex
2133 2880 2254 2926 usu
2316 2864 2528 2927 adiec-

171 2970 461 3033 tivorum
534 2968 982 3049 pronominum
1052 2969 1393 3034 verborum
1452 2975 1710 3051 sumpta
1779 2971 1875 3034 vir
1933 2970 2159 3035 doctus
2218 2970 2285 3034 in
2344 2988 2529 3035 suum

171 3094 371 3141 usum
435 3075 757 3139 convertit
812 3074 1114 3157 deinceps
1176 3076 1573 3155 examinare3
1646 3092 1920 3155 namque
1990 3074 2118 3139 iam
2188 3077 2530 3157 apparebit

171 3186 389 3247 totam
438 3182 605 3246 hanc
650 3182 967 3246 rationem
1016 3201 1132 3263 per
1179 3200 1249 3248 se
1297 3182 1709 3247 utilissimam
1756 3182 1823 3246 id
1871 3181 2038 3263 quod
2087 3182 2227 3247 vult
2274 3181 2529 3248 efficere

171 3308 309 3353 non
358 3306 570 3371 posse,
623 3306 762 3353 cum
811 3307 937 3353 non
985 3288 1172 3353 modo
1221 3288 1396 3353 ultra
1442 3291 1700 3354 modum
1747 3290 1891 3371 ipsa
1944 3289 2366 3371 progediatur
2415 3290 2529 3355 sed

173 3396 378 3461 etiam
429 3394 812 3460 coniecturis
861 3414 938 3459 ex
983 3400 1172 3476 parte
1217 3394 1398 3461 falsis
1446 3396 1715 3461 nitatur.
1818 3395 2079 3478 Iamque
2116 3397 2305 3461 iuvat
2354 3403 2527 3462 certe

173 3521 349 3585 quae
375 3503 635 3568 nomina
661 3508 727 3567 et
749 3503 948 3567 verba
979 3504 1260 3583 scriptor
1284 3503 1578 3584 posuerit
1609 3521 1863 3586 quoque
1897 3503 2085 3568 modo
2122 3504 2529 3568 coniunxerit

173 3628 497 3693 quaerere
528 3627 868 3676 numerare
901 3610 1221 3691 ordinare,
1272 3611 1384 3676 scd
1432 3609 1748 3675 lubricum
1790 3609 1945 3673 mihi
1979 3609 2253 3689 videtur,
2305 3628 2525 3691 quam-

171 3826 304 3876 noch
341 3823 700 3889 Beriihrunyen
735 3825 822 3875 mit
859 3824 1048 3875 andern
1085 3824 1326 3874 Dichter-n
1364 3824 1538 3889 iryend
1575 3833 1727 3873 etwas
1764 3840 1855 3872 von
1894 3839 1987 3872 nur
2023 3821 2206 3888 8ἰ11ἰ981·
2236 3822 2527 3890 Bedeutuny

167 3932 329 3981 989811
365 3913 469 3962 ihre
505 3913 760 3965 Aechtheit
797 3932 863 3963 an
903 3913 983 3963 die
1021 3913 1184 3963 Hand
1216 3915 1383 3979 9811811,
1433 3913 1553 3963 dass
1591 3911 1819 3962 vielmelzr
1868 3912 1917 3962 in
1957 3911 2209 3963 denselben
2256 3930 2309 3961 so
2360 3912 2526 3978 hiiufiy

171 4003 282 4054 und
319 4002 600 4067 auffallend
627 4040 778 4056 .....
815 4003 1001 4068 98ναᾱ8
1023 4004 1281 4071 feinere
1317 4001 1871 4067 Eiyenthic'mlichlceiten
1918 3999 2120 4062 Tibulls,
2169 4002 2250 4051 die
2284 4018 2527 4066 yenauere

171 4092 464 4157 Forschunq
499 4094 665 4157 ι18118111
702 4091 912 4141 Dichter
957 4092 1259 4142 entschieden
1303 4091 1538 4140 zuweisen
1576 4108 1705 4139 mass
1752 4090 1857 4140 und
1892 4089 1975 4141 die
2021 4090 2170 4140 einem
2208 4088 2527 4140 Nachahmer

154 4184 345 4245 semer
380 4180 538 4246 loyen,
576 4198 629 4230 so
668 4180 846 4231 hia'bsch
882 4179 985 4229 und
1021 4181 1085 4231 im
1119 4179 1418 4245 Geyensatze
1453 4198 1512 4230 zu
1536 4180 1824 4246 Lyydamus
1849 4180 1936 4230 mit
1961 4178 2054 4230 den
2085 4180 2197 4229 aoht
2223 4178 2523 4231 tibulli-§chen

171 4271 491 4336 Dichtunyen
528 4270 798 4320 stimmen.“
