3075 5100
531 352 615 415 80

2459 451 2491 459 —-

709 527 805 592 De
835 528 937 592 his
986 528 1089 593 vix
1121 527 1481 609 quisquam,
1530 526 1657 590 nisi
1704 525 1817 591 illa
1851 527 2154 608 opinione
2190 528 2439 608 ductUS,
2490 529 2685 596 aliter
2732 548 2879 596 sen-

531 635 718 714 serit,
799 639 993 716 atque
1068 634 1211 698 luce
1293 636 1392 698 est
1470 632 1706 697 clarius
1783 632 2062 699 Birtium
2133 635 2452 700 erravisse
2523 635 2880 702 Batracho-

529 741 991 825 myomachiam
1051 746 1117 806 et
1178 738 1464 805 Culicem
1520 740 1831 820 opuscula
1885 741 2317 808 minutissima
2378 742 2598 824 diviti,
2671 749 2747 808 ut
2814 745 2880 808 in

530 867 774 931 papyro
845 848 1125 929 scripta,
1197 845 1618 926 tribuentem,
1690 847 1955 913 Homeri
2025 849 2294 914 Iliadem
2366 853 2433 914 et
2503 848 2878 931 odysseam,

529 955 801 1037 Vergilii
834 953 1184 1020 Aeneidem
1225 970 1424 1034 opera
1467 952 1729 1018 heroica
1761 955 2054 1036 pauperi.
2132 954 2261 1021 Sed
2307 955 2387 1020 de
2422 954 2716 1020 distichis
2766 974 2881 1021 sex

531 1081 696 1142 quae
737 1063 1096 1141 sequuntur
1155 1058 1565 1144 (187-192)
1613 1059 1738 1124 iam
1788 1060 2220 1142 dubitaveris;
2272 1066 2338 1127 et
2377 1061 2880 1143 suspicabantur

532 1168 625 1232 ita
671 1172 747 1232 ut
788 1165 1146 1249 significavi
1182 1165 1389 1230 critici
1421 1164 1670 1246 aliquot
1708 1168 2039 1248 excidisse,
2078 1169 2379 1234 videlicet
2427 1186 2568 1233 cum
2602 1169 2879 1250 cogitari

532 1293 659 1339 non
691 1278 913 1354 posset
944 1271 1330 1351 Martialem,
1380 1271 1489 1352 qui
1528 1273 1694 1337 bene
1727 1273 1981 1339 initium
2015 1275 2294 1357 cepisset
2332 1275 2418 1353 id,
2469 1280 2543 1339 ut
2574 1273 2878 1340 binorum

527 1387 865 1462 poetarum
899 1378 1310 1462 (praesertim
1344 1375 1765 1444 finitimorum
1799 1380 2062 1446 Homeri
2112 1385 2179 1445 et
2209 1380 2483 1463 Vergilii
2518 1381 2877 1466 epicorum)

533 1505 730 1569 opera
775 1487 928 1551 bina
976 1488 1400 1566 compararet,
1449 1489 1587 1548 tum
1621 1486 1972 1568 scriptores
2022 1487 2277 1568 ingenio
2327 1492 2394 1553 et
2440 1506 2675 1568 genere
2722 1489 2879 1554 scri-

530 1594 724 1659 bendi
757 1593 1226 1659 diversissimos
1261 1591 1683 1657 Menandrum
1717 1591 2111 1674 Ciceronem,
2161 1594 2571 1675 Propertium
2605 1593 2877 1674 Livium,

533 1700 909 1767 Sallustium
943 1698 1238 1765 Ovidium
1286 1697 1404 1762 tali
1453 1698 1679 1763 ordine
1725 1699 1895 1766 inter
1944 1719 2014 1766 se
2063 1719 2490 1783 comparasse.
2524 1700 2527 1704 ’
2573 1699 2703 1766 Sed
2752 1701 2881 1765 iam

533 1808 685 1887 dixi,
745 1825 888 1872 cum
947 1806 1014 1870 in
1061 1804 1329 1886 reliquis
1375 1803 1567 1869 huius
1604 1804 1775 1870 -libri
1823 1807 2118 1887 partibus
2164 1807 2359 1888 talia,
2419 1808 2548 1874 nisi
2595 1808 2739 1889 quis
2800 1809 2879 1872 ad

531 1915 823 1980 ultimam
893 1912 1070 1977 illam
1139 1911 1460 1977 rationem
1528 1911 1845 1978 lubricam
1913 1913 2178 1980 lacunas
2236 1914 2565 1980 statuendi
2622 1932 2882 1996 semper

530 2020 826 2100 recurrit,
875 2039 1005 2084 non
1050 2036 1200 2083 raro
1249 2017 1613 2098 obveniant,
1662 2018 1727 2083 in
1774 2019 1857 2084 iis
1903 2039 2033 2086 non
2080 2026 2257 2088 recte
2302 2021 2633 2088 haesitat-i.
2707 2021 2878 2087 Sane

534 2126 1004 2192 concedendum
1055 2130 1154 2190 est
1199 2125 1406 2205 primo
1456 2124 1688 2189 obtutu
1716 2125 2121 2208 inopinatum
2166 2127 2319 2193 illuc
2351 2127 2661 2209 accidere,
2707 2129 2877 2210 quod

535 2234 589 2299 si
648 2233 934 2298 codicum
997 2231 1283 2296 ordinem
1343 2248 1671 2297 servamus
1718 2233 2073 2300 Menandro
2124 2234 2375 2316 cicere,
2445 2235 2663 2301 Livius
2718 2233 2879 2298 Pro-

533 2341 776 2422 pertio,
839 2338 1064 2404 Ovidio
1113 2336 1458 2402 Sallustius
1516 2345 1948 2423 opponuntur,
2008 2346 2076 2407 et
2121 2340 2312 2409 facile
2360 2345 2461 2407 est
2508 2341 2591 2405 ad
2636 2339 2879 2406 intelli-

533 2447 809 2528 gendum
855 2462 1020 2527 quae
1066 2444 1352 2508 rationes
1399 2445 1720 2510 moverint
1763 2446 2358 2530 Friedlaenderum,
2404 2451 2481 2512 ut
2524 2446 2878 2527 scriptores

533 2573 770 2638 genere
839 2552 1159 2620 scribendi
1218 2550 1458 2616 similes
1521 2571 1561 2616 a
1620 2554 1921 2620 Martiale
1980 2555 2313 2637 oppositos
2391 2554 2533 2620 esse
2602 2553 2880 2619 sentiret

532 2662 783 2728 Livium
839 2664 1144 2733 Sallustio
1216 2684 1431 2731 rerum
1497 2663 1877 2745 scriptores,
1951 2662 2203 2729 Tibullo
2261 2661 2556 2727 Ovidium
2625 2665 2877 2741 poetas.

533 2769 621 2834 Et
667 2772 946 2837 concedo
995 2770 1136 2839 fieri
1183 2773 1492 2855 potuisse,
1542 2774 1617 2835 ut
1662 2768 1968 2835 librarius
1998 2787 2140 2834 cum
2188 2768 2449 2849 saepius
2496 2768 2563 2832 in
2610 2766 2879 2833 lemma-

535 2876 708 2943 tibus
778 2877 1029 2959 legeret
1098 2881 1350 2946 adiecta
1404 2879 1567 2943 haec
1635 2878 1743 2951 „in
1802 2876 2221 2940 membranis“
2296 2875 2495 2941 oculis
2568 2874 2878 2955 deceptus

532 3002 730 3049 unum
778 2985 880 3050 vel
927 2986 1116 3066 plura
1163 2987 1520 3063 omitteret3
1580 2983 1694 3049 sed
1741 2982 2139 3048 miserrimus
2184 2981 2291 3047 hic
2337 2981 2465 3046 iam
2511 2979 2635 3046 fuit
2679 2980 2881 3046 libra-

535 3090 691 3170 rius,
743 3091 854 3172 qui
920 3092 1390 3174 epigrammata
1452 3091 1803 3156 183—196
1874 3091 2095 3155 orbem
2165 3107 2350 3155 suum
2422 3086 2678 3154 efficere
2749 3105 2879 3153 non

532 3196 839 3279 ignorans
888 3202 953 3262 et
999 3198 1304 3279 pauperis
1352 3198 1518 3263 dono
1568 3196 1787 3261 divitis
1836 3214 2089 3276 semper
2121 3195 2533 3276 respondere,
2568 3214 2646 3261 ex
2693 3198 2880 3275 quat-

533 3304 888 3370 tuordecim
949 3308 1256 3387 quattuor
1311 3304 1569 3370 silentio
1626 3303 2046 3385 praeteriret!
2070 3302 2114 3385 ι)
2218 3301 2443 3384 Neque
2510 3305 2729 3366 tamen
2780 3318 2875 3380 ea,

534 3429 726 3492 quam
759 3410 1099 3492 proposuit
1128 3410 1689 3492 Friedlaenderus,
1739 3410 1992 3476 ratione
2023 3410 2195 3475 omni
2244 3428 2321 3475 ex
2366 3413 2555 3491 parte
2590 3408 2879 3474 eiusdem

535 3518 789 3601 generis
837 3518 1189 3600 scriptores
1237 3518 1546 3598 evadunt,
1607 3536 1748 3583 cum
1796 3516 2431 3597 Metamorphosibus
2480 3514 2695 3581 Ovidii
2742 3532 2879 3580 car-

679 3746 726 3815 1)
759 3746 954 3816 Neque
989 3762 1118 3800 vero
1157 3745 1587 3801 obliviscendum
1625 3749 1725 3814 est,
1761 3745 1849 3799 his
1886 3745 2321 3816 quattuordecim
2357 3742 2710 3814 apophoretis
2733 3742 2879 3797 Mar-

533 3835 682 3890 tialis
721 3835 1147 3903 ingeniosissimi
1185 3838 1240 3889 et
1277 3834 1599 3890 facetissimi
1624 3835 1909 3905 scriptoris
1948 3834 2014 3889 de
2053 3834 2388 3899 clarissimis,
2414 3832 2509 3903 qui
2533 3833 2661 3885 ante
2698 3830 2877 3900 ipsum

535 3925 775 3991 fuerunt,
823 3926 880 3978 et
928 3923 1152 3979 Graecis
1192 3926 1248 3978 et
1294 3924 1555 3977 Romanis
1601 3923 1958 3993 scriptoribus
2004 3923 2229 3988 iudicia,
2272 3926 2388 3977 tam
2431 3920 2673 3975 breviter
2719 3934 2881 3989 quam

534 4016 693 4066 acute
732 4012 897 4080 dicta,
936 4012 1225 4068 contineri.
1299 4011 1448 4076 Quae
1489 4012 1707 4082 quidem
1752 4012 2076 4067 monachum
2122 4028 2244 4066 cum
2291 4009 2643 4075 describeret,
2693 4022 2877 4077 quam-

535 4117 694 4171 quam
733 4101 792 4154 in
827 4101 1055 4172 reliquis
1091 4096 1226 4153 libri
1259 4101 1527 4170 partibuS,
1567 4101 1663 4155 sed
1699 4116 1809 4155 non
1846 4116 2020 4171 aequo
2056 4100 2217 4155 modo
2263 4099 2541 4169 gravibus,
2586 4112 2699 4151 non
2744 4096 2878 4149 satis

534 4192 806 4244 attentum
861 4206 920 4244 se
973 4190 1245 4259 praebuit,
1292 4189 1427 4243 adeo
1487 4206 1599 4243 non
1658 4190 1961 4259 respexisse
2021 4195 2085 4243 ut
2142 4190 2247 4243 viri
2306 4189 2455 4243 docti
2516 4187 2879 4257 opinabantur

534 4294 863 4347 negaverim.
