3075 5100
437 339 520 404 68

436 517 684 598 doctuS‚
763 533 904 579 cum
979 513 1347 578 acutissime
1412 513 1800 578 sententiam
1866 513 2349 594 epigrammatis
2427 513 2619 578 huius
2687 512 2785 577 in-

433 622 812 702 tellexisset,
863 621 1111 686 duobus
1157 620 1382 702 primis
1429 619 1613 685 libris
1662 620 1755 684 eis
1802 638 1963 702 quos
1996 619 2231 685 Tibulli
2281 639 2423 685 esse
2466 620 2789 700 credimus

433 748 563 794 non
611 729 817 794 solum
865 728 1152 794 codicum
1198 727 1314 792 sed
1360 727 1557 792 etiam
1589 727 1872 808 ipsarum
1921 745 2136 791 rerum
2168 728 2555 794 auctoritate
2600 729 2787 808 moti,

436 839 773 901 contentus
818 833 1066 900 fuisset.
1147 833 1444 899 Profecto
1493 834 1604 916 qui
1648 834 1812 915 legit
1858 852 1935 898 ea
1982 852 2147 916 quae
2192 833 2292 900 vir
2323 835 2549 899 doctus
2597 854 2661 916 p.
2698 835 2787 899 82

434 962 532 1025 sq.
582 942 845 1023 exponit
887 959 1142 1022 semper
1189 941 1313 1006 duo
1357 940 1681 1006 volumina
1730 940 2095 1007 Tibulliana
2150 941 2421 1006 laudans
2468 941 2575 1007 vix
2623 941 2790 1008 divi-

434 1048 688 1115 naverit
763 1067 928 1131 quae
972 1048 1303 1113 molimina
1333 1052 1680 1128 paraturus
1728 1046 1815 1112 sit
1859 1066 1922 1128 p.
1973 1049 2101 1111 427
2134 1066 2274 1129 sqq.
2300 1046 2347 1130 ¹)
2428 1047 2563 1111 Iam
2610 1048 2790 1129 quod

433 1175 631 1238 supra
687 1155 1097 1236 exposuimus
1153 1154 1464 1237 Lygdami
1533 1155 1819 1221 carmina
1882 1174 2008 1220 non
2063 1155 2266 1220 multo
2335 1159 2485 1237 post
2545 1155 2789 1220 Tibulli

433 1269 706 1329 mortem
755 1281 794 1326 a
842 1261 1041 1328 Sosiis
1089 1262 1253 1327 libro
1302 1263 1583 1329 secundo
1632 1263 1879 1328 adnexa
1926 1281 2070 1328 esse
2116 1281 2232 1343 per
2288 1280 2358 1327 se
2404 1262 2788 1328 incredibile

434 1390 598 1452 esse,
649 1371 716 1435 id
746 1368 1068 1434 Martialis
1117 1369 1601 1450 epigrammatis
1649 1369 1902 1434 ratione
1948 1369 2173 1435 habita
2219 1369 2553 1451 probatur.
2626 1369 2787 1448 Quis

435 1479 606 1544 enim
668 1476 1014 1542 crediderit
1070 1495 1234 1557 eum,
1299 1476 1354 1541 si
1402 1477 1464 1541 in
1515 1476 1794 1542 secundo
1852 1476 2175 1542 volumine
2224 1476 2584 1542 Tibulliano
2642 1495 2787 1541 car-

433 1585 609 1650 mina
655 1584 721 1648 in
769 1582 1084 1648 Neaeram
1157 1583 1400 1664 scripta
1456 1583 1728 1665 legisset
1784 1587 1852 1648 et
1900 1582 2135 1648 Tibulli
2192 1600 2334 1648 esse
2381 1588 2785 1664 compertum

432 1691 795 1771 habuisset,
857 1709 933 1755 eo
991 1708 1116 1772 quo
1174 1691 1541 1771 complexus
1602 1695 1704 1755 est
1756 1694 1948 1772 pacto
1996 1690 2272 1771 primum
2320 1694 2386 1755 et
2432 1690 2787 1755 secundum

433 1799 669 1864 librum
740 1797 1232 1878 complexurum.
1284 1795 1482 1864 fuisse
1542 1797 1807 1862 divitive
1861 1797 1983 1861 hoc
2048 1797 2287 1863 donum
2342 1797 2784 1862 tributurum?

436 1904 662 1968 Nonne
710 1901 1179 1969 offenderemur
1227 1904 1416 1986 quod,
1475 1922 1618 1968 cum
1665 1904 2012 1969 interesset
2056 1907 2131 1968 ut
2177 1922 2491 1968 summam
2538 1903 2781 1969 Tibulli

434 2028 722 2076 amorum
779 2010 819 2074 i.
875 2029 929 2075 e.
988 2009 1302 2075 librorum
1374 2010 1661 2076 breviter
1730 2010 2082 2088 exhiberet,
2153 2008 2362 2076 facete
2408 2007 2786 2092 significans

435 2117 779 2191 „Deliam“
829 2121 896 2182 et
941 2117 1347 2191 „Nemesim‘
1396 2117 1714 2184 Neaeram
1763 2117 1955 2198 plane
2001 2117 2600 2198 praetermitteret?

615 2222 743 2288 Sed
776 2223 1236 2304 dubitationeS,
1273 2242 1694 2306 quaecunque
1738 2244 1817 2290 ex
1848 2223 2039 2289 Birtii
2072 2224 2445 2289 coniectura
2469 2242 2547 2288 ea
2590 2242 2784 2306 quam

434 2329 854 2395 refutavimus
914 2330 1231 2410 oriuntur,
1303 2331 1484 2411 ipsae
1542 2330 1886 2396 concidunt
1948 2331 2003 2396 si
2060 2331 2128 2396 id
2175 2349 2429 2412 semper
2483 2335 2784 2396 tenemus

433 2437 602 2502 unde
636 2435 906 2518 profecti
955 2454 1174 2502 sumus
1222 2455 1348 2518 quo
1382 2437 1687 2516 redimus,
1723 2437 1959 2502 librum
1992 2437 2339 2501 secundum
2372 2437 2783 2511 „Nemesim‘

435 2562 474 2608 a
522 2542 773 2610 Tibullo
831 2544 973 2625 ipso
1029 2543 1098 2608 in
1153 2542 1361 2609 lucem
1424 2543 1729 2610 emissum
1793 2563 1954 2610 esse.
2050 2544 2141 2609 Ac
2199 2543 2325 2610 duo
2382 2544 2572 2626 primi
2628 2543 2785 2609 libri

434 2650 767 2732 aliquanto
799 2655 949 2733 post
981 2650 1302 2716 Martialis
1335 2651 1745 2733 (Quintiliani
1792 2668 2046 2733 quoque
2076 2649 2449 2732 fortasse)⁹)
2499 2656 2785 2717 aetatem

433 2790 522 2801 -
585 2756 862 2821 secundo
920 2756 1120 2840 igitur
1176 2758 1231 2822 si
1296 2757 1588 2823 conicere
1644 2745 1797 2823 licet
1852 2777 1913 2839 p.
1960 2755 2108 2824 Chr.
2170 2757 2427 2823 saeculo
2510 2794 2580 2803 —-
2648 2757 2784 2822 illis

436 2861 609 2927 aucti
656 2868 808 2929 sunt
837 2865 1159 2931 variorum
1193 2865 1581 2946 scriptorum
1615 2863 2002 2931 carminibus
2050 2864 2117 2929 in
2165 2883 2385 2930 unam
2418 2862 2777 2943 informem,

430 2974 508 3034 ut
553 2969 647 3035 ita
703 2971 928 3051 dicam,
995 2971 1414 3053 appendicem
1471 2972 1666 3055 (nunc
1719 2972 1923 3037 libros
1977 2972 2246 3037 tertium
2320 2976 2386 3037 et
2450 2970 2781 3055 quartum)

436 3078 779 3143 contextis:
829 3078 935 3144 Ita
992 3079 1161 3145 enim
1208 3079 1322 3144 illo
1366 3084 1660 3161 tempore
1708 3080 1919 3144 editor
1966 3079 2313 3165 (nescimus
2364 3077 2534 3162 quis)
2582 3096 2783 3159 quae-

436 3202 684 3266 cunque
717 3185 797 3249 ad
833 3186 1151 3251 Tibullum
1189 3191 1254 3251 et
1287 3186 1657 3253 Messallam
1690 3188 2018 3268 pertinere
2049 3185 2433 3252 videbantur
2466 3185 2781 3266 colligens

436 3328 518 3337 —
577 3292 712 3358 sive
764 3293 925 3359 haec
983 3294 1269 3361 carmina
1315 3313 1602 3359 seorsum
1659 3300 1853 3360 antea
1906 3295 2035 3358 iam
2084 3293 2259 3359 edita
2304 3292 2580 3373 fuerant,
2640 3292 2781 3360 sive

433 3398 561 3463 alio
596 3400 851 3465 nomine
897 3401 1143 3466 tradita
1189 3402 1325 3467 sive
1371 3420 1494 3466 non
1547 3401 1723 3467 edita
1772 3406 1838 3467 et
1883 3402 1948 3466 in
1983 3401 2271 3466 tenebris
2316 3399 2592 3466 latentia
2637 3405 2780 3465 tum

433 3502 709 3588 primum
743 3507 1099 3573 edebantur
1135 3549 1212 3557 --
1249 3509 1349 3574 vel
1383 3510 1699 3574 excitatus
1748 3528 1787 3573 a
1820 3509 2096 3591 quodam
2146 3508 2508 3573 litterarum
2559 3510 2779 3570 tutore

432 3613 536 3678 vel
591 3618 821 3694 sponte
881 3617 1210 3699 negotium
1258 3632 1441 3681 suum
1511 3615 1803 3683 confecit.
1924 3616 2136 3697 Atque
2194 3614 2351 3680 ordo
2401 3612 2779 3695 appendicis

433 3756 486 3763 ..—

574 3825 619 3894 1)
658 3825 922 3880 Rationes
961 3843 1099 3897 quae
1128 3828 1490 3883 indercedunt
1526 3829 1672 3882 inter
1706 3826 1871 3881 Birtii
1910 3826 2260 3896 quaestiones
2299 3842 2391 3880 eas
2430 3840 2568 3894 quae
2607 3824 2770 3893 perti·

431 3917 566 3968 nent
602 3914 671 3968 ad
706 3914 1018 3971 Martialem
1041 3916 1101 3986 (1.
1124 3917 1161 3971 1.
1186 3935 1241 3987 p.
1267 3918 1329 3972 81
1362 3917 1504 3987 sqq.)
1530 3931 1731 3986 easque
1771 3932 1910 3985 quae
1948 3915 2016 3969 de
2053 3915 2349 3969 traditione
2374 3912 2582 3968 Tibulli
2619 3913 2777 3966 insti-

431 4004 663 4056 tuuntur
699 4004 771 4072 (p.
805 4007 909 4059 426
935 4012 1078 4075 sqq.)
1112 4022 1223 4060 non
1261 4007 1396 4059 satis
1434 4006 1693 4060 definitae
1731 4020 1849 4059 esse
1888 4004 2158 4057 videntur.

572 4090 618 4161 2)
656 4091 826 4157 Quem
864 4095 954 4147 vix
993 4094 1315 4148 crediderim
1341 4094 1618 4148 Tibullum
1654 4094 1889 4163 primum
1914 4092 2217 4161 elegiacum
2253 4092 2569 4146 habiturum
2607 4091 2777 4149 fuisse

430 4180 581 4247 (inst.
611 4195 688 4233 or.
717 4180 784 4248 X,
827 4184 874 4249 l,
902 4181 1009 4250 93),
1043 4183 1096 4237 si
1135 4182 1342 4251 elegias
1381 4199 1518 4252 quas
1546 4181 1812 4253 Lygdami
1840 4196 1959 4235 esse
1984 4181 2185 4235 scimus
2212 4183 2268 4234 et
2302 4179 2695 4251 panegyricum
2719 4179 2778 4231 in

431 4267 760 4322 Tibullianis
796 4268 1041 4338 legisset.
