3075 5100
524 394 562 455 6

523 574 624 634 est
667 573 744 634 ut
788 583 915 631 non
966 565 1170 629 solum
1219 565 1503 629 carmina
1550 564 1747 629 variis
1794 565 2002 630 modis
2047 567 2193 648 ipsa
2238 566 2374 630 sive
2420 568 2680 646 poetam
2728 563 2864 627 sive

520 676 716 741 medii
764 673 936 756 quod
984 671 1222 736 dicitur
1271 672 1413 737 aevi
1460 670 1765 737 librarios
1799 677 2177 739 accusantes
2208 671 2502 754 plerique
2533 674 2863 750 vexarent,

522 783 636 847 sed
692 782 887 847 etiam
935 778 1107 861 quod
1152 779 1218 842 in
1265 778 1535 859 singulis
1582 778 1705 851 sibi
1752 778 2136 844 videbantur
2191 776 2734 843 demonstravisse
2782 775 2866 840 ad

520 889 858 954 universos
907 885 1108 950 libros
1157 884 1225 949 id
1270 882 1515 949 referre
1563 903 1694 948 non
1742 883 2134 950 dubitarent.

698 994 913 1075 Atque
958 991 1080 1056 hoc
1137 990 1482 1073 plurimum
1546 990 1720 1055 cadit
1773 990 1839 1055 in
1894 992 2127 1057 librum
2185 990 2565 1069 secundum3
2628 988 2868 1054 etenim

522 1120 664 1166 cum
713 1099 961 1180 elegiae
1009 1116 1173 1180 quae
1218 1097 1342 1162 hoc
1387 1096 1555 1162 libro
1606 1097 2015 1163 continentur
2048 1117 2162 1163 sex
2192 1117 2343 1163 num
2376 1095 2703 1179 perfectae
2734 1094 2870 1160 sint

523 1212 591 1273 et
635 1205 998 1289 perpolitae
1044 1208 1183 1268 tum
1229 1202 1393 1268 liber
1441 1203 1739 1268 editusne
1787 1204 1874 1268 sit
1906 1223 1945 1269 a
1977 1204 2228 1271 Tibullo
2260 1223 2463 1269 necne
2496 1202 2868 1282 ambigitur.

707 1313 916 1390 Quare
968 1311 1046 1374 de
1091 1309 1283 1376 huius
1329 1310 1480 1375 libri
1529 1310 1811 1375 editione
1860 1311 2067 1376 denuo
2116 1310 2435 1375 disserere
2479 1328 2606 1375 non
2639 1308 2873 1373 inutile

524 1439 666 1487 esse
715 1437 964 1486 censeo.
1043 1415 1280 1482 Laetor
1329 1421 1543 1482 autem
1594 1420 1788 1498 atque
1837 1418 2085 1498 gaudeo
2134 1417 2305 1499 quod
2338 1416 2533 1482 tironi
2566 1419 2717 1481 ante
2748 1415 2870 1480 hos

525 1527 807 1609 quinque
855 1541 1056 1588 annos
1107 1520 1399 1603 contigit,
1459 1527 1532 1587 ut
1587 1523 1780 1604 primi
1833 1524 2104 1588 Vahleni
2151 1523 2594 1605 praeceptoris
2643 1522 2873 1603 optimi

525 1633 762 1699 scholis
808 1632 1189 1697 interessem
1236 1647 1396 1710 quas
1441 1628 1685 1695 habere
1732 1631 1899 1696 solet
1944 1629 2024 1694 de
2058 1630 2360 1711 elegiacis
2393 1629 2603 1709 poetis
2637 1629 2872 1694 Roma-

521 1758 769 1818 norum,
820 1737 902 1802 ad
933 1753 1116 1818 quoS‚
1152 1735 1502 1816 praecipue
1535 1735 1618 1800 ad
1651 1735 1991 1816 Tibullum,
2028 1734 2093 1800 in
2128 1735 2274 1800 aliis
2307 1734 2542 1800 studiis
2575 1739 2873 1800 versatus

524 1863 720 1928 saepe
767 1863 842 1909 ac
898 1842 1178 1908 libenter
1225 1840 1637 1906 recurrebam
1693 1843 1788 1908 ita
1844 1848 1919 1908 ut
1979 1843 2249 1907 audeam
2309 1861 2473 1923 quae
2518 1841 2584 1907 in
2631 1841 2753 1906 hac
2799 1861 2875 1908 re

521 1952 676 2017 mihi
733 1951 956 2016 videor
1012 1949 1334 2013 invenisse
1392 1966 1468 2013 ea
1514 1949 1581 2012 in
1629 1949 1836 2015 lucem
1883 1968 2051 2015 nunc
2098 1947 2411 2031 proferre,
2460 1952 2534 2013 ut
2580 1948 2874 2013 iudicent

526 2063 592 2125 et
638 2058 686 2122 ii
732 2058 843 2139 qui
889 2076 991 2121 me
1039 2056 1397 2122 docuerunt
1443 2056 1805 2139 quibusque
1837 2056 2161 2139 permulta
2194 2073 2294 2120 me
2328 2055 2564 2120 debere
2596 2055 2877 2136 ingenue

523 2163 733 2229 fateor
763 2167 830 2227 et
875 2162 1009 2242 alii,
1045 2165 1154 2244 qui
1188 2165 1429 2231 eisdem
1462 2165 1696 2232 studiis
1728 2164 2153 2245 delectantur,
2187 2181 2340 2227 num
2372 2161 2651 2227 fructum
2683 2179 2875 2243 quem

526 2288 726 2351 opera
775 2269 1073 2350 ceperim.

703 2374 1128 2440 Praemittam
1176 2380 1392 2442 autem
1439 2376 1591 2497 huic
1625 2393 1912 2496 summae
1948 2375 2311 2458 quaestioni
2345 2394 2550 2458 pauca
2596 2375 2676 2440 de
2722 2373 2873 2442 libri

528 2697 994 2778 epigrammate
1048 2682 1349 2809 quoda‘m·
1369 2694 1581 2783 quod·
1588 2698 1678 2797 ,3.(1
1699 2671 2046 2791 :iti-bullum
2096 2638 2378 2780 spectat3
2445 2716 2720 2779 namque
2769 2717 2876 2763 ex-

528 2802 745 2867 istimo
792 2809 1138 2887 utrumque
1177 2787 1360 2906 0pef2,
1360 2814 1438 2871 se
1469 2774 1654 2869 wit-ile
1699 2764 1808 2869 ad?
1845 2804 1996 2870 libri
2053 2806 2315 2871 secundi
2375 2805 2722 2870 editionem
2771 2822 2869 2868 ac-

529 2911 812 2976 curatius
860 2887 1325 3004 definiendam?
1331 2878 1593 3007 aliquid.-
1605 2905 1862 3023 ’‘aial-mg.

707 3016 798 3081 Ac
857 3017 1037 3083 iuvat
1105 3037 1269 3099 quae
1335 2996 1583 3083 insurit
1613 3017 1732 3083 ‘1⁴11‘
1715 3004 2243 3101 quaestionibus
2310 3020 2471 3087 meis
2540 3018 2662 3085 hoc
2730 3020 2873 3084 loco

529 3122 814 3190 breviter
863 3124 1424 3206 comprehendere.

706 3266 1078 3332 Berolini.
2191 3267 2285 3332 Id.
2335 3268 2487 3335 Dec.
2545 3270 2734 3334 1888.

1434 3494 1948 3578 Conspectus:

529 3618 911 3672 Praemittitur
973 3617 1391 3688 quaestiuncula
1455 3618 1520 3672 de
1578 3620 1825 3674 versibus
1889 3619 2211 3689 quibusdam
2265 3620 2547 3676 Ovidianis

674 3708 768 3777 qui
805 3710 1056 3776 spectant
1092 3706 1162 3761 ad
1196 3705 1325 3761 libri
1361 3707 1523 3778 primi
1562 3707 1857 3763 editionem
1891 3750 2540 3767 ..........
2584 3730 2636 3783 p.
2693 3716 2873 3769 7-28

529 3796 613 3849 De
648 3794 777 3849 libri
816 3796 1043 3849 secundi
1081 3794 1320 3849 editione
1359 3795 1426 3849 ab
1463 3796 1585 3866 ipso
1622 3796 1839 3851 Tibullo
1880 3801 2111 3853 curata.
2170 3843 2181 3853 .
2240 3843 2251 3853 .
2382 3843 2392 3854 .
2457 3846 2469 3853 .
2526 3843 2539 3855 .
2659 3804 2872 3858 ‘29—74

848 3883 894 3938 Ι.
933 3883 1074 3948 Quid
1113 3900 1177 3937 ex
1215 3883 1411 3938 Ovidio
1451 3884 1520 3939 ad
1556 3883 1685 3939 libri
1724 3886 2017 3941 editionem
2053 3842 2327 3942 redundet
2382 3932 2393 3943 .
2454 3933 2465 3944 .
2524 3933 2537 3945 .
2658 3894 2869 3948 29—57

813 3972 891 4028 II.
931 3972 1074 4026 Num
1094 3971 1234 4027 liber
1251 3973 1474 4026 minoris
1496 3990 1658 4043 quam
1675 3991 1775 4044 par
1795 3978 1879 4029 est
1897 3976 2133 4029 ambitus
2154 3992 2271 4030 esse
2292 3976 2543 4031 videatur
2657 3982 2871 4035 58—74

533 4060 831 4131 Appendix.
874 4062 954 4115 De
966 4060 1238 4115 Martialis
1259 4061 1429 4132 epigr.
1445 4061 1592 4131 XIV,
1613 4065 1711 4119 193
1732 4063 1878 4133 quod
1888 4063 2210 4117 inscribitur
2224 4063 2558 4129 „Tibullus“.
2658 4069 2869 4123 75—86
