<?xml version="1.0" encoding="UTF-8"?>
<!DOCTYPE html PUBLIC "-//W3C//DTD XHTML 1.0 Transitional//EN"
    "http://www.w3.org/TR/xhtml1/DTD/xhtml1-transitional.dtd">
<html xmlns="http://www.w3.org/1999/xhtml" xml:lang="en" lang="en">
 <head>
  <title>
</title>
<meta http-equiv="Content-Type" content="text/html;charset=utf-8" />
  <meta name='ocr-system' content='tesseract 3.04.00' />
  <meta name='ocr-capabilities' content='ocr_page ocr_carea ocr_par ocr_line ocrx_word'/>
</head>
<body>
  <div class='ocr_page' id='page_1' title='image "./studiatibullian01ullrgoog_0063.png"; bbox 0 0 3075 5100; ppageno 0'>
   <div class='ocr_carea' id='block_1_1' title="bbox 2465 283 2549 347">
    <p class='ocr_par' dir='ltr' id='par_1_1' title="bbox 2465 283 2549 347">
     <span class='ocr_line' id='line_1_1' title="bbox 2465 283 2549 347; baseline 0.012 -1"><span class='ocrx_word' id='word_1_1' title='bbox 2465 283 2549 347; x_wconf 84' lang='lat'>55</span> 
     </span>
    </p>
   </div>
   <div class='ocr_carea' id='block_1_2' title="bbox 195 454 2557 4090">
    <p class='ocr_par' dir='ltr' id='par_1_2' title="bbox 200 454 2557 1934">
     <span class='ocr_line' id='line_1_2' title="bbox 207 454 2553 542; baseline 0.002 -20"><span class='ocrx_word' id='word_1_2' title='bbox 207 457 342 524; x_wconf 90' lang='lat' dir='ltr'>Non</span> <span class='ocrx_word' id='word_1_3' title='bbox 389 475 604 540; x_wconf 91' lang='lat' dir='ltr'>pauca</span> <span class='ocrx_word' id='word_1_4' title='bbox 651 461 868 522; x_wconf 89' lang='lat' dir='ltr'>autem</span> <span class='ocrx_word' id='word_1_5' title='bbox 915 454 1070 522; x_wconf 84' lang='lat' dir='ltr'>forti</span> <span class='ocrx_word' id='word_1_6' title='bbox 1117 457 1461 524; x_wconf 82' lang='lat' dir='ltr'>tribuenda</span> <span class='ocrx_word' id='word_1_7' title='bbox 1517 457 1756 541; x_wconf 85' lang='lat' dir='ltr'>sunt¹).</span> <span class='ocrx_word' id='word_1_8' title='bbox 1874 457 2018 524; x_wconf 87' lang='lat' dir='ltr'>Huc</span> <span class='ocrx_word' id='word_1_9' title='bbox 2073 459 2324 526; x_wconf 90' lang='lat' dir='ltr'>accedit</span> <span class='ocrx_word' id='word_1_10' title='bbox 2380 461 2553 542; x_wconf 88' lang='lat' dir='ltr'>quod</span> 
     </span>
     <span class='ocr_line' id='line_1_3' title="bbox 209 560 2553 648; baseline 0.001 -19"><span class='ocrx_word' id='word_1_11' title='bbox 209 565 368 629; x_wconf 89' lang='lat' dir='ltr'>duae</span> <span class='ocrx_word' id='word_1_12' title='bbox 444 581 678 630; x_wconf 90' lang='lat' dir='ltr'>causae</span> <span class='ocrx_word' id='word_1_13' title='bbox 751 564 957 629; x_wconf 87' lang='lat' dir='ltr'>virum</span> <span class='ocrx_word' id='word_1_14' title='bbox 1027 564 1285 629; x_wconf 89' lang='lat' dir='ltr'>doctum</span> <span class='ocrx_word' id='word_1_15' title='bbox 1359 560 1887 630; x_wconf 86' lang='lat' dir='ltr'>confidentiorem</span> <span class='ocrx_word' id='word_1_16' title='bbox 1963 564 2323 635; x_wconf 79' lang='lat' dir='ltr'>reddebant</span> <span class='ocrx_word' id='word_1_17' title='bbox 2392 583 2553 648; x_wconf 88' lang='lat' dir='ltr'>quas</span> 
     </span>
     <span class='ocr_line' id='line_1_4' title="bbox 204 667 2555 755; baseline 0.002 -20"><span class='ocrx_word' id='word_1_18' title='bbox 204 689 390 738; x_wconf 84' lang='lat' dir='ltr'>veras</span> <span class='ocrx_word' id='word_1_19' title='bbox 441 688 585 738; x_wconf 90' lang='lat' dir='ltr'>esse</span> <span class='ocrx_word' id='word_1_20' title='bbox 633 689 964 755; x_wconf 82' lang='lat' dir='ltr'><strong>negamus.</strong></span> <span class='ocrx_word' id='word_1_21' title='bbox 1055 667 1374 748; x_wconf 85' lang='lat' dir='ltr'>opinatur</span> <span class='ocrx_word' id='word_1_22' title='bbox 1406 668 1579 734; x_wconf 88' lang='lat' dir='ltr'>enim</span> <span class='ocrx_word' id='word_1_23' title='bbox 1624 670 1755 751; x_wconf 93' lang='lat' dir='ltr'>ille,</span> <span class='ocrx_word' id='word_1_24' title='bbox 1802 673 1879 736; x_wconf 89' lang='lat' dir='ltr'>ut</span> <span class='ocrx_word' id='word_1_25' title='bbox 1924 670 2239 752; x_wconf 84' lang='lat' dir='ltr'>plerique,</span> <span class='ocrx_word' id='word_1_26' title='bbox 2288 677 2357 738; x_wconf 86' lang='lat' dir='ltr'>et</span> <span class='ocrx_word' id='word_1_27' title='bbox 2401 672 2555 738; x_wconf 88' lang='lat' dir='ltr'>libri</span> 
     </span>
     <span class='ocr_line' id='line_1_5' title="bbox 203 774 2557 862; baseline 0.001 -19"><span class='ocrx_word' id='word_1_28' title='bbox 203 779 467 845; x_wconf 87' lang='lat' dir='ltr'>secundi</span> <span class='ocrx_word' id='word_1_29' title='bbox 503 778 746 862; x_wconf 83' lang='lat' dir='ltr'>elegias</span> <span class='ocrx_word' id='word_1_30' title='bbox 792 797 920 844; x_wconf 90' lang='lat' dir='ltr'>non</span> <span class='ocrx_word' id='word_1_31' title='bbox 967 793 1172 859; x_wconf 88' lang='lat' dir='ltr'>aeque</span> <span class='ocrx_word' id='word_1_32' title='bbox 1219 791 1294 838; x_wconf 90' lang='lat' dir='ltr'>ac</span> <span class='ocrx_word' id='word_1_33' title='bbox 1338 774 1625 857; x_wconf 85' lang='lat' dir='ltr'>reliquas</span> <span class='ocrx_word' id='word_1_34' title='bbox 1670 776 2033 857; x_wconf 86' lang='lat' dir='ltr'>(„Deliam“</span> <span class='ocrx_word' id='word_1_35' title='bbox 2070 780 2455 858; x_wconf 90' lang='lat' dir='ltr'>praesertim</span> <span class='ocrx_word' id='word_1_36' title='bbox 2486 786 2557 848; x_wconf 93' lang='lat' dir='ltr'>et</span> 
     </span>
     <span class='ocr_line' id='line_1_6' title="bbox 207 881 2553 969; baseline 0 -18"><span class='ocrx_word' id='word_1_37' title='bbox 207 885 675 967; x_wconf 85' lang='lat' dir='ltr'>“Sulpiciam“)</span> <span class='ocrx_word' id='word_1_38' title='bbox 707 885 968 950; x_wconf 88' lang='lat' dir='ltr'>limatas</span> <span class='ocrx_word' id='word_1_39' title='bbox 1000 901 1143 950; x_wconf 88' lang='lat' dir='ltr'>esse</span> <span class='ocrx_word' id='word_1_40' title='bbox 1173 898 1249 945; x_wconf 95' lang='lat' dir='ltr'>ac</span> <span class='ocrx_word' id='word_1_41' title='bbox 1281 881 1639 964; x_wconf 79' lang='lat' dir='ltr'>perpolitae</span> <span class='ocrx_word' id='word_1_42' title='bbox 1674 888 1741 949; x_wconf 91' lang='lat' dir='ltr'>et</span> <span class='ocrx_word' id='word_1_43' title='bbox 1770 881 1991 965; x_wconf 88' lang='lat' dir='ltr'>aliqua</span> <span class='ocrx_word' id='word_1_44' title='bbox 2020 884 2274 951; x_wconf 89' lang='lat' dir='ltr'>ratione</span> <span class='ocrx_word' id='word_1_45' title='bbox 2308 886 2553 969; x_wconf 82' lang='lat' dir='ltr'>cyclum</span> 
     </span>
     <span class='ocr_line' id='line_1_7' title="bbox 201 989 2553 1074; baseline 0.002 -19"><span class='ocrx_word' id='word_1_46' title='bbox 201 991 312 1056; x_wconf 90' lang='lat' dir='ltr'>lib.</span> <span class='ocrx_word' id='word_1_47' title='bbox 345 992 462 1072; x_wconf 91' lang='lat' dir='ltr'>IV,</span> <span class='ocrx_word' id='word_1_48' title='bbox 507 993 678 1056; x_wconf 77' lang='grc'>2-7</span> <span class='ocrx_word' id='word_1_49' title='bbox 743 990 1024 1073; x_wconf 87' lang='lat' dir='ltr'>librique</span> <span class='ocrx_word' id='word_1_50' title='bbox 1078 989 1343 1057; x_wconf 88' lang='lat' dir='ltr'>secundi</span> <span class='ocrx_word' id='word_1_51' title='bbox 1415 1007 1673 1056; x_wconf 88' lang='lat' dir='ltr'>carmen</span> <span class='ocrx_word' id='word_1_52' title='bbox 1741 989 1807 1056; x_wconf 91' lang='lat'>11</span> <span class='ocrx_word' id='word_1_53' title='bbox 1876 991 2321 1074; x_wconf 80' lang='lat' dir='ltr'>coniungenda</span> <span class='ocrx_word' id='word_1_54' title='bbox 2388 1009 2553 1062; x_wconf 86' lang='lat' dir='ltr'>esse.</span> 
     </span>
     <span class='ocr_line' id='line_1_8' title="bbox 203 1096 2555 1180; baseline -0 -14"><span class='ocrx_word' id='word_1_55' title='bbox 203 1100 328 1166; x_wconf 89' lang='lat' dir='ltr'>Sed</span> <span class='ocrx_word' id='word_1_56' title='bbox 377 1099 439 1166; x_wconf 88' lang='lat' dir='ltr'>si</span> <span class='ocrx_word' id='word_1_57' title='bbox 485 1099 913 1166; x_wconf 87' lang='lat' dir='ltr'>demonstrari</span> <span class='ocrx_word' id='word_1_58' title='bbox 960 1101 1180 1179; x_wconf 89' lang='lat' dir='ltr'>potest</span> <span class='ocrx_word' id='word_1_59' title='bbox 1223 1096 1379 1162; x_wconf 86' lang='lat' dir='ltr'>libri</span> <span class='ocrx_word' id='word_1_60' title='bbox 1425 1097 1691 1163; x_wconf 90' lang='lat' dir='ltr'>secundi</span> <span class='ocrx_word' id='word_1_61' title='bbox 1739 1097 2003 1180; x_wconf 84' lang='lat' dir='ltr'>elegias,</span> <span class='ocrx_word' id='word_1_62' title='bbox 2052 1098 2439 1180; x_wconf 89' lang='lat' dir='ltr'>praesertim</span> <span class='ocrx_word' id='word_1_63' title='bbox 2496 1100 2555 1168; x_wconf 91' lang='lat' dir='ltr'>si</span> 
     </span>
     <span class='ocr_line' id='line_1_9' title="bbox 200 1205 2556 1287; baseline 0.002 -16"><span class='ocrx_word' id='word_1_64' title='bbox 200 1207 371 1272; x_wconf 90' lang='lat' dir='ltr'>liber</span> <span class='ocrx_word' id='word_1_65' title='bbox 421 1227 460 1272; x_wconf 89' lang='lat' dir='ltr'>a</span> <span class='ocrx_word' id='word_1_66' title='bbox 509 1206 761 1272; x_wconf 87' lang='lat' dir='ltr'>Tibullo</span> <span class='ocrx_word' id='word_1_67' title='bbox 823 1205 1036 1272; x_wconf 86' lang='lat' dir='ltr'>editus</span> <span class='ocrx_word' id='word_1_68' title='bbox 1099 1209 1220 1287; x_wconf 85' lang='lat' dir='ltr'>est,</span> <span class='ocrx_word' id='word_1_69' title='bbox 1279 1206 1456 1286; x_wconf 89' lang='lat' dir='ltr'>ipsas</span> <span class='ocrx_word' id='word_1_70' title='bbox 1515 1223 1710 1286; x_wconf 84' lang='lat' dir='ltr'>quam</span> <span class='ocrx_word' id='word_1_71' title='bbox 1778 1206 2203 1287; x_wconf 73' lang='lat' dir='ltr'>politissimus</span> <span class='ocrx_word' id='word_1_72' title='bbox 2274 1225 2417 1274; x_wconf 90' lang='lat' dir='ltr'>esse</span> <span class='ocrx_word' id='word_1_73' title='bbox 2488 1212 2556 1275; x_wconf 89' lang='lat' dir='ltr'>et</span> 
     </span>
     <span class='ocr_line' id='line_1_10' title="bbox 200 1311 2555 1397; baseline 0.002 -19"><span class='ocrx_word' id='word_1_74' title='bbox 200 1311 370 1378; x_wconf 86' lang='lat' dir='ltr'>falso</span> <span class='ocrx_word' id='word_1_75' title='bbox 421 1333 472 1380; x_wconf 93' lang='lat' dir='ltr'>c.</span> <span class='ocrx_word' id='word_1_76' title='bbox 506 1313 572 1380; x_wconf 94' lang='lat' dir='ltr'>II</span> <span class='ocrx_word' id='word_1_77' title='bbox 627 1332 742 1380; x_wconf 88' lang='lat' dir='ltr'>suo</span> <span class='ocrx_word' id='word_1_78' title='bbox 800 1312 940 1378; x_wconf 91' lang='lat' dir='ltr'>loco</span> <span class='ocrx_word' id='word_1_79' title='bbox 998 1316 1242 1378; x_wconf 91' lang='lat' dir='ltr'>motum</span> <span class='ocrx_word' id='word_1_80' title='bbox 1299 1329 1442 1378; x_wconf 90' lang='lat' dir='ltr'>esse</span> <span class='ocrx_word' id='word_1_81' title='bbox 1487 1331 1528 1377; x_wconf 88' lang='lat' dir='ltr'>a</span> <span class='ocrx_word' id='word_1_82' title='bbox 1586 1312 1827 1380; x_wconf 88' lang='lat' dir='ltr'>criticis</span> <span class='ocrx_word' id='word_1_83' title='bbox 1884 1311 1991 1397; x_wconf 83' lang='lat' dir='ltr'>(cf.</span> <span class='ocrx_word' id='word_1_84' title='bbox 2026 1331 2191 1396; x_wconf 89' lang='lat' dir='ltr'>quae</span> <span class='ocrx_word' id='word_1_85' title='bbox 2248 1315 2555 1382; x_wconf 79' lang='lat' dir='ltr'>adnotavi</span> 
     </span>
     <span class='ocr_line' id='line_1_11' title="bbox 203 1419 2551 1505; baseline 0.001 -20"><span class='ocrx_word' id='word_1_86' title='bbox 203 1440 254 1485; x_wconf 86' lang='lat' dir='ltr'>s.</span> <span class='ocrx_word' id='word_1_87' title='bbox 286 1441 352 1502; x_wconf 89' lang='lat' dir='ltr'>p.</span> <span class='ocrx_word' id='word_1_88' title='bbox 391 1420 525 1504; x_wconf 84' lang='lat'>26),</span> <span class='ocrx_word' id='word_1_89' title='bbox 559 1437 978 1503; x_wconf 89' lang='lat' dir='ltr'>quaecunque</span> <span class='ocrx_word' id='word_1_90' title='bbox 1022 1420 1122 1486; x_wconf 85' lang='lat' dir='ltr'>vir</span> <span class='ocrx_word' id='word_1_91' title='bbox 1169 1420 1395 1487; x_wconf 90' lang='lat' dir='ltr'>doctus</span> <span class='ocrx_word' id='word_1_92' title='bbox 1444 1421 1877 1502; x_wconf 85' lang='lat' dir='ltr'>comparando</span> <span class='ocrx_word' id='word_1_93' title='bbox 1924 1419 2137 1488; x_wconf 85' lang='lat' dir='ltr'>effecit</span> <span class='ocrx_word' id='word_1_94' title='bbox 2183 1425 2258 1486; x_wconf 92' lang='lat' dir='ltr'>ut</span> <span class='ocrx_word' id='word_1_95' title='bbox 2307 1421 2551 1505; x_wconf 79' lang='lat' dir='ltr'>cyclum</span> 
     </span>
     <span class='ocr_line' id='line_1_12' title="bbox 203 1526 2555 1612; baseline 0 -19"><span class='ocrx_word' id='word_1_96' title='bbox 203 1534 384 1593; x_wconf 87' lang='lat' dir='ltr'>ante</span> <span class='ocrx_word' id='word_1_97' title='bbox 432 1527 669 1593; x_wconf 90' lang='lat' dir='ltr'>librum</span> <span class='ocrx_word' id='word_1_98' title='bbox 715 1528 1064 1594; x_wconf 88' lang='lat' dir='ltr'>secundum</span> <span class='ocrx_word' id='word_1_99' title='bbox 1111 1529 1384 1608; x_wconf 87' lang='lat' dir='ltr'>poneret</span> <span class='ocrx_word' id='word_1_100' title='bbox 1425 1526 1821 1605; x_wconf 89' lang='lat' dir='ltr'>claudicant;</span> <span class='ocrx_word' id='word_1_101' title='bbox 1868 1527 1978 1609; x_wconf 91' lang='lat' dir='ltr'>qui</span> <span class='ocrx_word' id='word_1_102' title='bbox 2024 1527 2093 1593; x_wconf 93' lang='lat' dir='ltr'>id</span> <span class='ocrx_word' id='word_1_103' title='bbox 2139 1529 2310 1610; x_wconf 92' lang='lat' dir='ltr'>quod</span> <span class='ocrx_word' id='word_1_104' title='bbox 2342 1528 2555 1612; x_wconf 77' lang='lat' dir='ltr'>cyclus</span> 
     </span>
     <span class='ocr_line' id='line_1_13' title="bbox 203 1630 2549 1716; baseline 0 -16"><span class='ocrx_word' id='word_1_105' title='bbox 203 1637 266 1700; x_wconf 90' lang='lat' dir='ltr'>in</span> <span class='ocrx_word' id='word_1_106' title='bbox 317 1635 677 1716; x_wconf 86' lang='lat' dir='ltr'>appendice</span> <span class='ocrx_word' id='word_1_107' title='bbox 724 1633 1092 1700; x_wconf 88' lang='lat' dir='ltr'>Tibulliana</span> <span class='ocrx_word' id='word_1_108' title='bbox 1135 1630 1376 1714; x_wconf 87' lang='lat' dir='ltr'>legitur</span> <span class='ocrx_word' id='word_1_109' title='bbox 1425 1637 1492 1697; x_wconf 88' lang='lat' dir='ltr'>et</span> <span class='ocrx_word' id='word_1_110' title='bbox 1538 1633 1619 1697; x_wconf 88' lang='lat' dir='ltr'>ab</span> <span class='ocrx_word' id='word_1_111' title='bbox 1668 1631 1898 1698; x_wconf 89' lang='lat' dir='ltr'>Ovidio</span> <span class='ocrx_word' id='word_1_112' title='bbox 1947 1633 2206 1699; x_wconf 90' lang='lat' dir='ltr'>silentio</span> <span class='ocrx_word' id='word_1_113' title='bbox 2254 1639 2549 1716; x_wconf 88' lang='lat' dir='ltr'>praeter-</span> 
     </span>
     <span class='ocr_line' id='line_1_14' title="bbox 203 1737 2553 1824; baseline 0.002 -18"><span class='ocrx_word' id='word_1_114' title='bbox 203 1741 488 1807; x_wconf 89' lang='lat' dir='ltr'>mittitur</span> <span class='ocrx_word' id='word_1_115' title='bbox 533 1741 602 1807; x_wconf 91' lang='lat' dir='ltr'>in</span> <span class='ocrx_word' id='word_1_116' title='bbox 650 1741 939 1824; x_wconf 86' lang='lat' dir='ltr'>epicedio</span> <span class='ocrx_word' id='word_1_117' title='bbox 989 1744 1056 1804; x_wconf 93' lang='lat' dir='ltr'>et</span> <span class='ocrx_word' id='word_1_118' title='bbox 1101 1740 1420 1822; x_wconf 90' lang='lat' dir='ltr'>quomodo</span> <span class='ocrx_word' id='word_1_119' title='bbox 1467 1739 1534 1804; x_wconf 90' lang='lat' dir='ltr'>id</span> <span class='ocrx_word' id='word_1_120' title='bbox 1581 1737 1821 1806; x_wconf 87' lang='lat' dir='ltr'>factum</span> <span class='ocrx_word' id='word_1_121' title='bbox 1871 1740 1976 1821; x_wconf 90' lang='lat' dir='ltr'>sit,</span> <span class='ocrx_word' id='word_1_122' title='bbox 2026 1742 2197 1824; x_wconf 91' lang='lat' dir='ltr'>quod</span> <span class='ocrx_word' id='word_1_123' title='bbox 2238 1759 2553 1810; x_wconf 88' lang='lat' dir='ltr'>summum</span> 
     </span>
     <span class='ocr_line' id='line_1_15' title="bbox 204 1841 2095 1934; baseline -0.003 -20"><span class='ocrx_word' id='word_1_124' title='bbox 204 1867 348 1914; x_wconf 89' lang='lat' dir='ltr'>esse</span> <span class='ocrx_word' id='word_1_125' title='bbox 397 1848 694 1931; x_wconf 80' lang='lat' dir='ltr'>diximuS,</span> <span class='ocrx_word' id='word_1_126' title='bbox 742 1841 872 1916; x_wconf 85' lang='lat' dir='ltr'>non</span> <span class='ocrx_word' id='word_1_127' title='bbox 919 1848 1224 1930; x_wconf 86' lang='lat' dir='ltr'>respexit.</span> <span class='ocrx_word' id='word_1_128' title='bbox 2090 1931 2095 1934; x_wconf 21' lang='grc' dir='ltr'>Ι</span> 
     </span>
    </p>

    <p class='ocr_par' dir='ltr' id='par_1_3' title="bbox 198 1954 2556 2669">
     <span class='ocr_line' id='line_1_16' title="bbox 383 1954 2556 2039; baseline 0.001 -19"><span class='ocrx_word' id='word_1_129' title='bbox 383 1957 772 2024; x_wconf 85' lang='lat' dir='ltr'>Persuasum</span> <span class='ocrx_word' id='word_1_130' title='bbox 820 1957 1019 2039; x_wconf 85' lang='lat' dir='ltr'>igitur</span> <span class='ocrx_word' id='word_1_131' title='bbox 1063 1954 1272 2022; x_wconf 87' lang='lat' dir='ltr'>habeo</span> <span class='ocrx_word' id='word_1_132' title='bbox 1321 1971 1741 2038; x_wconf 88' lang='lat' dir='ltr'>quaecunque</span> <span class='ocrx_word' id='word_1_133' title='bbox 1787 1954 1923 2022; x_wconf 83' lang='lat' dir='ltr'>sive</span> <span class='ocrx_word' id='word_1_134' title='bbox 1971 1975 2050 2022; x_wconf 88' lang='lat' dir='ltr'>ex</span> <span class='ocrx_word' id='word_1_135' title='bbox 2082 1955 2373 2038; x_wconf 87' lang='lat' dir='ltr'>epicedio</span> <span class='ocrx_word' id='word_1_136' title='bbox 2407 1955 2556 2022; x_wconf 89' lang='lat' dir='ltr'>Ovi-</span> 
     </span>
     <span class='ocr_line' id='line_1_17' title="bbox 201 2062 2555 2146; baseline 0.001 -19"><span class='ocrx_word' id='word_1_137' title='bbox 201 2063 398 2128; x_wconf 87' lang='lat' dir='ltr'>diano</span> <span class='ocrx_word' id='word_1_138' title='bbox 462 2063 598 2130; x_wconf 85' lang='lat' dir='ltr'>sive</span> <span class='ocrx_word' id='word_1_139' title='bbox 656 2065 798 2146; x_wconf 88' lang='lat' dir='ltr'>(hoc</span> <span class='ocrx_word' id='word_1_140' title='bbox 843 2083 1010 2132; x_wconf 87' lang='lat' dir='ltr'>unus</span> <span class='ocrx_word' id='word_1_141' title='bbox 1056 2062 1456 2146; x_wconf 82' lang='lat' dir='ltr'>Zingerleus)</span> <span class='ocrx_word' id='word_1_142' title='bbox 1506 2081 1585 2127; x_wconf 89' lang='lat' dir='ltr'>ex</span> <span class='ocrx_word' id='word_1_143' title='bbox 1632 2080 1871 2146; x_wconf 88' lang='lat' dir='ltr'>genere</span> <span class='ocrx_word' id='word_1_144' title='bbox 1929 2063 2183 2129; x_wconf 90' lang='lat' dir='ltr'>dicendi</span> <span class='ocrx_word' id='word_1_145' title='bbox 2242 2064 2555 2130; x_wconf 88' lang='lat' dir='ltr'>librorum</span> 
     </span>
     <span class='ocr_line' id='line_1_18' title="bbox 202 2170 2554 2254; baseline 0.003 -20"><span class='ocrx_word' id='word_1_146' title='bbox 202 2170 719 2237; x_wconf 82' lang='lat' dir='ltr'>Tibullianorum</span> <span class='ocrx_word' id='word_1_147' title='bbox 777 2171 1178 2254; x_wconf 86' lang='lat' dir='ltr'>collegerunt</span> <span class='ocrx_word' id='word_1_148' title='bbox 1234 2171 1442 2236; x_wconf 87' lang='lat' dir='ltr'>critici</span> <span class='ocrx_word' id='word_1_149' title='bbox 1486 2175 1562 2236; x_wconf 89' lang='lat' dir='ltr'>ut</span> <span class='ocrx_word' id='word_1_150' title='bbox 1606 2170 1841 2236; x_wconf 88' lang='lat' dir='ltr'>librum</span> <span class='ocrx_word' id='word_1_151' title='bbox 1891 2173 2241 2238; x_wconf 90' lang='lat' dir='ltr'>secundum</span> <span class='ocrx_word' id='word_1_152' title='bbox 2299 2178 2554 2240; x_wconf 91' lang='lat' dir='ltr'>extre-</span> 
     </span>
     <span class='ocr_line' id='line_1_19' title="bbox 198 2275 2553 2361; baseline 0.002 -20"><span class='ocrx_word' id='word_1_153' title='bbox 198 2295 396 2342; x_wconf 88' lang='lat' dir='ltr'>mum</span> <span class='ocrx_word' id='word_1_154' title='bbox 444 2275 646 2345; x_wconf 88' lang='lat' dir='ltr'>fuisse</span> <span class='ocrx_word' id='word_1_155' title='bbox 679 2278 916 2345; x_wconf 85' lang='lat' dir='ltr'>Tibulli</span> <span class='ocrx_word' id='word_1_156' title='bbox 947 2279 1344 2360; x_wconf 87' lang='lat' dir='ltr'>opusculum,</span> <span class='ocrx_word' id='word_1_157' title='bbox 1390 2278 1561 2361; x_wconf 92' lang='lat' dir='ltr'>quod</span> <span class='ocrx_word' id='word_1_158' title='bbox 1608 2276 2051 2360; x_wconf 84' lang='lat' dir='ltr'>imperfectum</span> <span class='ocrx_word' id='word_1_159' title='bbox 2084 2281 2365 2348; x_wconf 84' lang='lat' dir='ltr'>moriens</span> <span class='ocrx_word' id='word_1_160' title='bbox 2403 2281 2553 2348; x_wconf 87' lang='lat' dir='ltr'>reli-</span> 
     </span>
     <span class='ocr_line' id='line_1_20' title="bbox 199 2385 2555 2470; baseline 0.003 -21"><span class='ocrx_word' id='word_1_161' title='bbox 199 2385 476 2467; x_wconf 88' lang='lat' dir='ltr'>quisset,</span> <span class='ocrx_word' id='word_1_162' title='bbox 527 2404 605 2450; x_wconf 91' lang='lat' dir='ltr'>ea</span> <span class='ocrx_word' id='word_1_163' title='bbox 650 2386 976 2452; x_wconf 86' lang='lat' dir='ltr'>reicienda</span> <span class='ocrx_word' id='word_1_164' title='bbox 1023 2403 1168 2452; x_wconf 87' lang='lat' dir='ltr'>esse</span> <span class='ocrx_word' id='word_1_165' title='bbox 1214 2392 1410 2467; x_wconf 88' lang='lat' dir='ltr'>atque</span> <span class='ocrx_word' id='word_1_166' title='bbox 1453 2385 1624 2451; x_wconf 91' lang='lat' dir='ltr'>hunc</span> <span class='ocrx_word' id='word_1_167' title='bbox 1671 2405 1925 2469; x_wconf 90' lang='lat' dir='ltr'>quoque</span> <span class='ocrx_word' id='word_1_168' title='bbox 1971 2388 2139 2456; x_wconf 86' lang='lat' dir='ltr'>sicut</span> <span class='ocrx_word' id='word_1_169' title='bbox 2193 2389 2468 2470; x_wconf 87' lang='lat' dir='ltr'>primum</span> <span class='ocrx_word' id='word_1_170' title='bbox 2515 2409 2555 2456; x_wconf 87' lang='lat' dir='ltr'>a</span> 
     </span>
     <span class='ocr_line' id='line_1_21' title="bbox 199 2491 2555 2577; baseline 0.002 -18"><span class='ocrx_word' id='word_1_171' title='bbox 199 2498 402 2577; x_wconf 90' lang='lat' dir='ltr'>poeta</span> <span class='ocrx_word' id='word_1_172' title='bbox 458 2491 815 2561; x_wconf 87' lang='lat' dir='ltr'>confectum</span> <span class='ocrx_word' id='word_1_173' title='bbox 873 2498 942 2560; x_wconf 92' lang='lat' dir='ltr'>et</span> <span class='ocrx_word' id='word_1_174' title='bbox 999 2494 1239 2561; x_wconf 89' lang='lat' dir='ltr'>editum</span> <span class='ocrx_word' id='word_1_175' title='bbox 1304 2512 1448 2561; x_wconf 90' lang='lat' dir='ltr'>esse</span> <span class='ocrx_word' id='word_1_176' title='bbox 1519 2512 1598 2559; x_wconf 90' lang='lat' dir='ltr'>ex</span> <span class='ocrx_word' id='word_1_177' title='bbox 1655 2492 1867 2561; x_wconf 90' lang='lat' dir='ltr'>Ovidii</span> <span class='ocrx_word' id='word_1_178' title='bbox 1936 2496 2307 2563; x_wconf 89' lang='lat' dir='ltr'>testimonio</span> <span class='ocrx_word' id='word_1_179' title='bbox 2376 2502 2555 2565; x_wconf 86' lang='lat' dir='ltr'>recte</span> 
     </span>
     <span class='ocr_line' id='line_1_22' title="bbox 199 2602 1172 2669; baseline 0.001 -2"><span class='ocrx_word' id='word_1_180' title='bbox 199 2602 685 2669; x_wconf 84' lang='lat' dir='ltr'>demonstrasse</span> <span class='ocrx_word' id='word_1_181' title='bbox 731 2602 888 2669; x_wconf 89' lang='lat' dir='ltr'>mihi</span> <span class='ocrx_word' id='word_1_182' title='bbox 935 2602 1172 2669; x_wconf 85' lang='lat' dir='ltr'>videor.</span> 
     </span>
    </p>

    <p class='ocr_par' dir='ltr' id='par_1_4' title="bbox 195 2710 2555 4090">
     <span class='ocr_line' id='line_1_23' title="bbox 383 2710 2555 2781; baseline 0.003 -7"><span class='ocrx_word' id='word_1_183' title='bbox 383 2710 602 2775; x_wconf 85' lang='lat' dir='ltr'>Pauca</span> <span class='ocrx_word' id='word_1_184' title='bbox 660 2711 893 2777; x_wconf 85' lang='lat' dir='ltr'>addam</span> <span class='ocrx_word' id='word_1_185' title='bbox 950 2710 1030 2775; x_wconf 92' lang='lat' dir='ltr'>de</span> <span class='ocrx_word' id='word_1_186' title='bbox 1093 2728 1260 2776; x_wconf 87' lang='lat' dir='ltr'>anno</span> <span class='ocrx_word' id='word_1_187' title='bbox 1320 2710 1645 2777; x_wconf 88' lang='lat' dir='ltr'>editionis.</span> <span class='ocrx_word' id='word_1_188' title='bbox 1761 2710 1899 2776; x_wconf 89' lang='lat' dir='ltr'>Iam</span> <span class='ocrx_word' id='word_1_189' title='bbox 1954 2711 2115 2776; x_wconf 87' lang='lat' dir='ltr'>satis</span> <span class='ocrx_word' id='word_1_190' title='bbox 2173 2716 2395 2777; x_wconf 86' lang='lat' dir='ltr'>notum</span> <span class='ocrx_word' id='word_1_191' title='bbox 2454 2719 2555 2781; x_wconf 86' lang='lat' dir='ltr'>est</span> 
     </span>
     <span class='ocr_line' id='line_1_24' title="bbox 197 2817 2552 2900; baseline 0.001 -15"><span class='ocrx_word' id='word_1_192' title='bbox 197 2820 265 2885; x_wconf 92' lang='lat' dir='ltr'>in</span> <span class='ocrx_word' id='word_1_193' title='bbox 317 2817 549 2900; x_wconf 86' lang='lat' dir='ltr'>elegiis</span> <span class='ocrx_word' id='word_1_194' title='bbox 594 2818 745 2884; x_wconf 90' lang='lat' dir='ltr'>libri</span> <span class='ocrx_word' id='word_1_195' title='bbox 793 2818 1058 2885; x_wconf 90' lang='lat' dir='ltr'>secundi</span> <span class='ocrx_word' id='word_1_196' title='bbox 1105 2818 1316 2885; x_wconf 89' lang='lat' dir='ltr'>nullas</span> <span class='ocrx_word' id='word_1_197' title='bbox 1363 2817 1500 2885; x_wconf 80' lang='lat' dir='ltr'>fere</span> <span class='ocrx_word' id='word_1_198' title='bbox 1548 2817 1859 2900; x_wconf 89' lang='lat' dir='ltr'>temporis</span> <span class='ocrx_word' id='word_1_199' title='bbox 1894 2817 2303 2885; x_wconf 88' lang='lat' dir='ltr'>definitiones</span> <span class='ocrx_word' id='word_1_200' title='bbox 2340 2825 2552 2887; x_wconf 88' lang='lat' dir='ltr'>certas</span> 
     </span>
     <span class='ocr_line' id='line_1_25' title="bbox 195 2925 2553 3009; baseline 0 -18"><span class='ocrx_word' id='word_1_201' title='bbox 195 2927 353 3009; x_wconf 87' lang='lat' dir='ltr'>legi.</span> <span class='ocrx_word' id='word_1_202' title='bbox 465 2925 690 3009; x_wconf 89' lang='lat' dir='ltr'>Neque</span> <span class='ocrx_word' id='word_1_203' title='bbox 747 2927 916 2991; x_wconf 89' lang='lat' dir='ltr'>enim</span> <span class='ocrx_word' id='word_1_204' title='bbox 962 2945 1114 2991; x_wconf 92' lang='lat' dir='ltr'>num</span> <span class='ocrx_word' id='word_1_205' title='bbox 1170 2927 1255 2991; x_wconf 91' lang='lat' dir='ltr'>ad</span> <span class='ocrx_word' id='word_1_206' title='bbox 1311 2932 1559 2991; x_wconf 82' lang='lat' dir='ltr'>certum</span> <span class='ocrx_word' id='word_1_207' title='bbox 1618 2942 1856 2991; x_wconf 91' lang='lat' dir='ltr'>annum</span> <span class='ocrx_word' id='word_1_208' title='bbox 1913 2926 2304 3007; x_wconf 85' lang='lat' dir='ltr'>spectaverit</span> <span class='ocrx_word' id='word_1_209' title='bbox 2357 2932 2553 3008; x_wconf 89' lang='lat' dir='ltr'>poeta</span> 
     </span>
     <span class='ocr_line' id='line_1_26' title="bbox 206 3032 2555 3117; baseline 0 -18"><span class='ocrx_word' id='word_1_210' title='bbox 206 3051 353 3099; x_wconf 92' lang='lat' dir='ltr'>cum</span> <span class='ocrx_word' id='word_1_211' title='bbox 399 3032 690 3100; x_wconf 88' lang='lat' dir='ltr'>Macrum</span> <span class='ocrx_word' id='word_1_212' title='bbox 742 3037 1272 3099; x_wconf 87' lang='lat' dir='ltr'>commemoraret</span> <span class='ocrx_word' id='word_1_213' title='bbox 1318 3052 1499 3100; x_wconf 87' lang='lat' dir='ltr'>arma</span> <span class='ocrx_word' id='word_1_214' title='bbox 1546 3039 1925 3117; x_wconf 88' lang='lat' dir='ltr'>sequentem</span> <span class='ocrx_word' id='word_1_215' title='bbox 1980 3034 2047 3100; x_wconf 93' lang='lat' dir='ltr'>in</span> <span class='ocrx_word' id='word_1_216' title='bbox 2096 3051 2145 3099; x_wconf 92' lang='lat' dir='ltr'>c.</span> <span class='ocrx_word' id='word_1_217' title='bbox 2175 3032 2283 3112; x_wconf 90' lang='lat' dir='ltr'>VI,</span> <span class='ocrx_word' id='word_1_218' title='bbox 2347 3050 2555 3115; x_wconf 90' lang='lat' dir='ltr'>neque</span> 
     </span>
     <span class='ocr_line' id='line_1_27' title="bbox 199 3140 2552 3224; baseline 0 -19"><span class='ocrx_word' id='word_1_219' title='bbox 199 3159 396 3223; x_wconf 88' lang='lat' dir='ltr'>quem</span> <span class='ocrx_word' id='word_1_220' title='bbox 444 3140 614 3205; x_wconf 88' lang='lat' dir='ltr'>diem</span> <span class='ocrx_word' id='word_1_221' title='bbox 660 3142 944 3207; x_wconf 87' lang='lat' dir='ltr'>natalem</span> <span class='ocrx_word' id='word_1_222' title='bbox 990 3141 1350 3224; x_wconf 89' lang='lat' dir='ltr'>respexerit</span> <span class='ocrx_word' id='word_1_223' title='bbox 1399 3140 1681 3208; x_wconf 86' lang='lat' dir='ltr'>Cornuto</span> <span class='ocrx_word' id='word_1_224' title='bbox 1731 3142 1935 3207; x_wconf 89' lang='lat' dir='ltr'>amico</span> <span class='ocrx_word' id='word_1_225' title='bbox 1990 3142 2102 3224; x_wconf 93' lang='lat' dir='ltr'>qui</span> <span class='ocrx_word' id='word_1_226' title='bbox 2148 3141 2335 3207; x_wconf 92' lang='lat' dir='ltr'>modo</span> <span class='ocrx_word' id='word_1_227' title='bbox 2396 3159 2552 3206; x_wconf 87' lang='lat' dir='ltr'>uxo-</span> 
     </span>
     <span class='ocr_line' id='line_1_28' title="bbox 197 3247 2548 3333; baseline 0 -21"><span class='ocrx_word' id='word_1_228' title='bbox 197 3268 338 3314; x_wconf 88' lang='lat' dir='ltr'>rem</span> <span class='ocrx_word' id='word_1_229' title='bbox 411 3248 684 3313; x_wconf 91' lang='lat' dir='ltr'>duxerat</span> <span class='ocrx_word' id='word_1_230' title='bbox 753 3248 1117 3330; x_wconf 88' lang='lat' dir='ltr'>gratulatus</span> <span class='ocrx_word' id='word_1_231' title='bbox 1188 3267 1237 3314; x_wconf 90' lang='lat' dir='ltr'>c.</span> <span class='ocrx_word' id='word_1_232' title='bbox 1275 3249 1340 3314; x_wconf 94' lang='lat' dir='ltr'>II</span> <span class='ocrx_word' id='word_1_233' title='bbox 1403 3250 1506 3333; x_wconf 90' lang='lat' dir='ltr'>(de</span> <span class='ocrx_word' id='word_1_234' title='bbox 1564 3248 1596 3313; x_wconf 96' lang='lat' dir='ltr'>I</span> <span class='ocrx_word' id='word_1_235' title='bbox 1656 3247 1730 3314; x_wconf 87' lang='lat' dir='ltr'>cf.</span> <span class='ocrx_word' id='word_1_236' title='bbox 1772 3266 1823 3315; x_wconf 90' lang='lat' dir='ltr'>s.</span> <span class='ocrx_word' id='word_1_237' title='bbox 1869 3269 1933 3331; x_wconf 92' lang='lat' dir='ltr'>p.</span> <span class='ocrx_word' id='word_1_238' title='bbox 1980 3252 2065 3314; x_wconf 80' lang='lat'>26</span> <span class='ocrx_word' id='word_1_239' title='bbox 2104 3249 2246 3331; x_wconf 90' lang='lat' dir='ltr'>sq.),</span> <span class='ocrx_word' id='word_1_240' title='bbox 2318 3267 2548 3332; x_wconf 91' lang='lat' dir='ltr'>neque,</span> 
     </span>
     <span class='ocr_line' id='line_1_29' title="bbox 199 3355 2552 3440; baseline -0.001 -18"><span class='ocrx_word' id='word_1_241' title='bbox 199 3357 376 3438; x_wconf 91' lang='lat' dir='ltr'>quod</span> <span class='ocrx_word' id='word_1_242' title='bbox 445 3356 719 3421; x_wconf 87' lang='lat' dir='ltr'>maxime</span> <span class='ocrx_word' id='word_1_243' title='bbox 789 3355 1099 3436; x_wconf 81' lang='lat' dir='ltr'>dolemuS,</span> <span class='ocrx_word' id='word_1_244' title='bbox 1174 3376 1300 3439; x_wconf 92' lang='lat' dir='ltr'>quo</span> <span class='ocrx_word' id='word_1_245' title='bbox 1381 3376 1549 3421; x_wconf 89' lang='lat' dir='ltr'>anno</span> <span class='ocrx_word' id='word_1_246' title='bbox 1618 3356 2007 3423; x_wconf 88' lang='lat' dir='ltr'>Messalinus</span> <span class='ocrx_word' id='word_1_247' title='bbox 2089 3356 2552 3440; x_wconf 84' lang='lat' dir='ltr'>quindecimvir</span> 
     </span>
     <span class='ocr_line' id='line_1_30' title="bbox 199 3461 2552 3551; baseline -0 -22"><span class='ocrx_word' id='word_1_248' title='bbox 199 3464 410 3529; x_wconf 91' lang='lat' dir='ltr'>sacris</span> <span class='ocrx_word' id='word_1_249' title='bbox 457 3462 774 3530; x_wconf 87' lang='lat' dir='ltr'>faciundis</span> <span class='ocrx_word' id='word_1_250' title='bbox 820 3462 1028 3530; x_wconf 86' lang='lat' dir='ltr'>factus</span> <span class='ocrx_word' id='word_1_251' title='bbox 1078 3465 1166 3531; x_wconf 87' lang='lat' dir='ltr'>sit</span> <span class='ocrx_word' id='word_1_252' title='bbox 1211 3466 1291 3551; x_wconf 90' lang='lat' dir='ltr'>(c.</span> <span class='ocrx_word' id='word_1_253' title='bbox 1330 3464 1413 3548; x_wconf 91' lang='lat' dir='ltr'>V)</span> <span class='ocrx_word' id='word_1_254' title='bbox 1463 3470 1739 3531; x_wconf 86' lang='lat' dir='ltr'>constat.</span> <span class='ocrx_word' id='word_1_255' title='bbox 1854 3464 1978 3531; x_wconf 89' lang='lat' dir='ltr'>Sed</span> <span class='ocrx_word' id='word_1_256' title='bbox 2030 3463 2379 3547; x_wconf 86' lang='lat' dir='ltr'>contigerit</span> <span class='ocrx_word' id='word_1_257' title='bbox 2423 3461 2552 3529; x_wconf 85' lang='lat' dir='ltr'>for-</span> 
     </span>
     <span class='ocr_line' id='line_1_31' title="bbox 199 3571 2551 3654; baseline 0 -17"><span class='ocrx_word' id='word_1_258' title='bbox 199 3577 404 3653; x_wconf 87' lang='lat' dir='ltr'>tasse,</span> <span class='ocrx_word' id='word_1_259' title='bbox 452 3572 510 3638; x_wconf 91' lang='lat' dir='ltr'>si</span> <span class='ocrx_word' id='word_1_260' title='bbox 558 3590 668 3638; x_wconf 88' lang='lat' dir='ltr'>eos</span> <span class='ocrx_word' id='word_1_261' title='bbox 717 3572 828 3654; x_wconf 92' lang='lat' dir='ltr'>qui</span> <span class='ocrx_word' id='word_1_262' title='bbox 876 3572 1221 3637; x_wconf 88' lang='lat' dir='ltr'>traduntur</span> <span class='ocrx_word' id='word_1_263' title='bbox 1269 3572 1429 3637; x_wconf 90' lang='lat' dir='ltr'>certi</span> <span class='ocrx_word' id='word_1_264' title='bbox 1461 3573 1567 3637; x_wconf 87' lang='lat' dir='ltr'>vel</span> <span class='ocrx_word' id='word_1_265' title='bbox 1613 3591 1755 3638; x_wconf 91' lang='lat' dir='ltr'>cum</span> <span class='ocrx_word' id='word_1_266' title='bbox 1801 3571 2265 3654; x_wconf 88' lang='lat' dir='ltr'>probabilitate</span> <span class='ocrx_word' id='word_1_267' title='bbox 2310 3589 2350 3637; x_wconf 86' lang='lat' dir='ltr'>a</span> <span class='ocrx_word' id='word_1_268' title='bbox 2395 3571 2551 3637; x_wconf 87' lang='lat' dir='ltr'>viris</span> 
     </span>
     <span class='ocr_line' id='line_1_32' title="bbox 202 3677 2549 3761; baseline -0.001 -17"><span class='ocrx_word' id='word_1_269' title='bbox 202 3680 414 3745; x_wconf 91' lang='lat' dir='ltr'>doctis</span> <span class='ocrx_word' id='word_1_270' title='bbox 463 3677 710 3745; x_wconf 88' lang='lat' dir='ltr'>definiti</span> <span class='ocrx_word' id='word_1_271' title='bbox 760 3683 912 3744; x_wconf 89' lang='lat' dir='ltr'>sunt</span> <span class='ocrx_word' id='word_1_272' title='bbox 957 3699 1158 3746; x_wconf 89' lang='lat' dir='ltr'>annos</span> <span class='ocrx_word' id='word_1_273' title='bbox 1207 3680 1290 3745; x_wconf 92' lang='lat' dir='ltr'>ad</span> <span class='ocrx_word' id='word_1_274' title='bbox 1323 3680 1746 3746; x_wconf 89' lang='lat' dir='ltr'>Messalinum</span> <span class='ocrx_word' id='word_1_275' title='bbox 1780 3684 1847 3744; x_wconf 90' lang='lat' dir='ltr'>et</span> <span class='ocrx_word' id='word_1_276' title='bbox 1890 3685 2143 3761; x_wconf 89' lang='lat' dir='ltr'>patrem</span> <span class='ocrx_word' id='word_1_277' title='bbox 2178 3678 2549 3744; x_wconf 88' lang='lat' dir='ltr'>Messallam</span> 
     </span>
     <span class='ocr_line' id='line_1_33' title="bbox 201 3785 2552 3871; baseline -0.002 -18"><span class='ocrx_word' id='word_1_278' title='bbox 201 3791 576 3868; x_wconf 88' lang='lat' dir='ltr'>spectantes</span> <span class='ocrx_word' id='word_1_279' title='bbox 625 3788 1082 3871; x_wconf 84' lang='lat' dir='ltr'>examinamus,</span> <span class='ocrx_word' id='word_1_280' title='bbox 1139 3793 1213 3853; x_wconf 82' lang='lat' dir='ltr'>ut</span> <span class='ocrx_word' id='word_1_281' title='bbox 1260 3806 1464 3870; x_wconf 90' lang='lat' dir='ltr'>pauca</span> <span class='ocrx_word' id='word_1_282' title='bbox 1520 3805 1662 3852; x_wconf 89' lang='lat' dir='ltr'>cum</span> <span class='ocrx_word' id='word_1_283' title='bbox 1719 3786 1933 3868; x_wconf 88' lang='lat' dir='ltr'>specie</span> <span class='ocrx_word' id='word_1_284' title='bbox 1997 3786 2273 3869; x_wconf 87' lang='lat' dir='ltr'>quadam</span> <span class='ocrx_word' id='word_1_285' title='bbox 2326 3785 2552 3850; x_wconf 83' lang='lat' dir='ltr'>verisi-</span> 
     </span>
     <span class='ocr_line' id='line_1_34' title="bbox 201 3890 2553 3976; baseline -0.001 -17"><span class='ocrx_word' id='word_1_286' title='bbox 201 3895 591 3960; x_wconf 89' lang='lat' dir='ltr'>militudinis</span> <span class='ocrx_word' id='word_1_287' title='bbox 643 3914 959 3961; x_wconf 86' lang='lat' dir='ltr'>eruamus.</span> <span class='ocrx_word' id='word_1_288' title='bbox 1056 3897 1193 3961; x_wconf 90' lang='lat' dir='ltr'>Iam</span> <span class='ocrx_word' id='word_1_289' title='bbox 1242 3900 1495 3963; x_wconf 81' lang='lat' dir='ltr'>constat</span> <span class='ocrx_word' id='word_1_290' title='bbox 1545 3894 1965 3959; x_wconf 87' lang='lat' dir='ltr'>Messalinum</span> <span class='ocrx_word' id='word_1_291' title='bbox 2016 3892 2126 3976; x_wconf 92' lang='lat' dir='ltr'>qui</span> <span class='ocrx_word' id='word_1_292' title='bbox 2177 3892 2383 3957; x_wconf 90' lang='lat' dir='ltr'>maior</span> <span class='ocrx_word' id='word_1_293' title='bbox 2429 3890 2553 3956; x_wconf 86' lang='lat' dir='ltr'>fuit</span> 
     </span>
     <span class='ocr_line' id='line_1_35' title="bbox 204 3998 2551 4090; baseline -0.002 -21"><span class='ocrx_word' id='word_1_294' title='bbox 204 4004 480 4069; x_wconf 89' lang='lat' dir='ltr'>duorum</span> <span class='ocrx_word' id='word_1_295' title='bbox 534 4001 815 4069; x_wconf 90' lang='lat' dir='ltr'>filiorum</span> <span class='ocrx_word' id='word_1_296' title='bbox 873 4023 933 4069; x_wconf 86' lang='lat' dir='ltr'>a.</span> <span class='ocrx_word' id='word_1_297' title='bbox 970 4000 1172 4090; x_wconf 78' lang='lat' dir='ltr'>750l4</span> <span class='ocrx_word' id='word_1_298' title='bbox 1222 4004 1547 4070; x_wconf 89' lang='lat' dir='ltr'>consulem</span> <span class='ocrx_word' id='word_1_299' title='bbox 1607 4000 1837 4083; x_wconf 81' lang='lat' dir='ltr'>fuisse3</span> <span class='ocrx_word' id='word_1_300' title='bbox 1910 3998 2281 4067; x_wconf 89' lang='lat' dir='ltr'>Messallam</span> <span class='ocrx_word' id='word_1_301' title='bbox 2335 4005 2551 4065; x_wconf 86' lang='lat' dir='ltr'>autem</span> 
     </span>
    </p>
   </div>
   <div class='ocr_carea' id='block_1_3' title="bbox 259 4146 629 4153">
    <p class='ocr_par' dir='ltr' id='par_1_5' title="bbox 259 4146 629 4153">
     <span class='ocr_line' id='line_1_36' title="bbox 259 4146 629 4153; baseline 0 0"><span class='ocrx_word' id='word_1_302' title='bbox 259 4146 629 4153; x_wconf 95' lang='lat' dir='ltr'> </span> 
     </span>
    </p>
   </div>
   <div class='ocr_carea' id='block_1_4' title="bbox 351 4229 2398 4303">
    <p class='ocr_par' dir='ltr' id='par_1_6' title="bbox 351 4229 2398 4303">
     <span class='ocr_line' id='line_1_37' title="bbox 351 4229 2398 4303; baseline -0.002 -18"><span class='ocrx_word' id='word_1_303' title='bbox 351 4233 395 4303; x_wconf 81' lang='lat'>¹)</span> <span class='ocrx_word' id='word_1_304' title='bbox 432 4231 552 4285; x_wconf 90' lang='lat' dir='ltr'>Hoc</span> <span class='ocrx_word' id='word_1_305' title='bbox 590 4233 674 4285; x_wconf 82' lang='lat' dir='ltr'>vir</span> <span class='ocrx_word' id='word_1_306' title='bbox 712 4230 907 4287; x_wconf 87' lang='lat' dir='ltr'>doctus</span> <span class='ocrx_word' id='word_1_307' title='bbox 942 4233 1061 4302; x_wconf 86' lang='lat' dir='ltr'>ipse</span> <span class='ocrx_word' id='word_1_308' title='bbox 1097 4230 1440 4301; x_wconf 77' lang='lat' dir='ltr'>plurifariam</span> <span class='ocrx_word' id='word_1_309' title='bbox 1477 4231 1730 4285; x_wconf 87' lang='lat' dir='ltr'>concedit</span> <span class='ocrx_word' id='word_1_310' title='bbox 1764 4229 1857 4301; x_wconf 88' lang='lat' dir='ltr'>(cf.</span> <span class='ocrx_word' id='word_1_311' title='bbox 1884 4229 1919 4283; x_wconf 92' lang='lat' dir='ltr'>l.</span> <span class='ocrx_word' id='word_1_312' title='bbox 1946 4229 1979 4284; x_wconf 78' lang='lat' dir='ltr'>l</span> <span class='ocrx_word' id='word_1_313' title='bbox 2009 4246 2063 4299; x_wconf 88' lang='lat' dir='ltr'>p.</span> <span class='ocrx_word' id='word_1_314' title='bbox 2090 4231 2155 4284; x_wconf 78' lang='lat'>57</span> <span class='ocrx_word' id='word_1_315' title='bbox 2197 4232 2253 4282; x_wconf 87' lang='lat' dir='ltr'>et</span> <span class='ocrx_word' id='word_1_316' title='bbox 2290 4229 2398 4299; x_wconf 80' lang='lat'><strong>62).</strong></span> 
     </span>
    </p>
   </div>
  </div>
 </body>
</html>
