3075 5100
595 357 632 418 8

593 531 1004 598 Lachmanno
1026 532 1070 613 ¹)
1129 529 1497 617 Gruppio⁹)
1557 530 2010 618 Ribbeckio³)‚
2082 537 2159 597 ut
2226 533 2389 598 alios
2450 535 2759 614 omittam,
2822 554 2932 598 nu-

592 639 872 721 perrime
930 659 969 704 a
1026 638 1348 704 Schultzio
1365 636 1416 722 ⁴)
1475 639 1613 704 viro
1672 640 2043 706 doctissimo
2102 640 2247 705 aliis
2316 641 2507 706 aliter
2572 642 2933 706 examinata

592 750 786 828 atque
819 747 1110 828 exposita
1143 765 1284 812 cum
1308 745 1639 811 fastidium
1664 744 1819 827 fere,
1855 751 1929 811 ut
1950 746 2044 811 ita
2067 747 2293 827 dicam,
2330 752 2398 812 et
2420 749 2935 830 desperationem

592 850 854 918 afferret
911 872 985 919 eo
1033 871 1200 920 nunc
1261 853 1518 919 videtur
1565 854 1795 918 deduci
1841 857 1918 917 ut
1963 853 2406 934 probabiliter,
2454 855 2688 919 nedum
2740 860 2933 934 certe,

591 960 671 1025 de
720 959 944 1026 ordine
991 959 1237 1042 aliquid
1285 960 1484 1024 statui
1537 977 1731 1040 posse
1778 977 1817 1024 a
1864 959 2194 1041 plerisque
2212 957 2261 1041 ⁵)
2323 965 2616 1042 negetur.
2711 959 2935 1043 Neque

589 1072 807 1132 tamen
855 1066 1247 1150 persuadere
1293 1065 1451 1130 mihi
1497 1066 1683 1147 potui
1715 1069 1787 1130 ut
1816 1065 2157 1131 historiam
2192 1066 2408 1142 (venia
2440 1066 2628 1132 detur
2661 1068 2935 1149 nomini)

593 1192 900 1255 amorum,
938 1174 1047 1257 qui
1079 1178 1214 1238 tum
1247 1173 1737 1238 intercedebant
1784 1172 1953 1236 inter
1987 1171 2407 1246 Tibullumet
2438 1173 2710 1253 Deliam,
2746 1175 2939 1255 plane

590 1281 852 1347 missam
899 1280 1257 1347 faciendam
1305 1298 1446 1346 esse
1495 1280 1823 1346 crederem
1860 1283 1926 1343 et
1957 1278 2168 1344 sentio
2205 1297 2313 1344 eas
2350 1297 2508 1361 quas
2543 1280 2697 1344 olim
2732 1281 2939 1344 secuti

591 1393 742 1453 sunt
772 1388 1084 1453 Dissenus
1116 1388 1563 1452 Lachmannus
1598 1386 1925 1468 Gruppius
1975 1386 2087 1450 alii
2133 1386 2419 1450 rationes
2450 1385 2658 1451 adhuc
2692 1390 2938 1452 extare.

592 1493 992 1577 Quamquam
1039 1498 1255 1559 autem
1304 1493 1965 1576 ingeniosissimorum
2015 1493 2125 1574 qui
2173 1493 2238 1557 in
2283 1492 2385 1558 his
2434 1493 2665 1558 studiis
2697 1496 2945 1559 versati

591 1606 743 1666 sunt
771 1601 1058 1666 virorum
1097 1601 1442 1666 sententiis
1488 1619 1618 1665 non
1664 1599 1732 1664 id
1778 1599 2007 1664 studeo
2053 1603 2129 1663 ut
2174 1617 2403 1665 novam
2451 1599 2590 1681 ipse
2639 1600 2939 1681 adiciam,

591 1707 876 1773 breviter
935 1712 1151 1773 tamen
1210 1707 1289 1771 de
1344 1707 1446 1773 his
1504 1707 1699 1772 rebus
1758 1705 1912 1788 quid
1968 1706 2242 1770 sentiam
2299 1710 2375 1770 ut
2429 1706 2511 1771 ab
2559 1706 2702 1787 ipso
2750 1708 2942 1773 initio

592 1813 752 1880 satis
799 1818 1026 1896 pateat
1055 1815 1500 1896 praemittam;
1532 1814 1991 1896 progrediente
2039 1817 2255 1878 autem
2304 1813 2610 1895 opusculo
2659 1814 2767 1894 hic
2807 1815 2945 1880 illic

592 1920 674 1984 ad
721 1918 840 1985 hoc
885 1938 1310 1985 recurremus.

770 2026 1033 2108 Iamque
1066 2027 1354 2093 ordinem
1378 2025 1528 2091 libri
1554 2026 1747 2106 primi
1773 2026 2125 2107 elegiarum
2148 2026 2683 2091 verisimillimum
2710 2045 2943 2094 censeo

592 2151 735 2200 esse
779 2133 977 2197 hunc:

767 2241 856 2304 IV
902 2239 1057 2304 VIII
1102 2239 1194 2303 IX
1242 2239 1305 2302 in
1353 2238 1722 2302 Marathum
1768 2257 2037 2319 puerum
2084 2241 2367 2322 scriptae
2426 2240 2535 2324 (cf.
2569 2262 2633 2324 p.
2676 2244 2761 2306 24
2794 2243 2941 2327 sq.),

768 2346 827 2410 X
873 2346 940 2409 in
989 2364 1116 2428 qua
1162 2363 1279 2409 nec
1327 2343 1671 2410 Messallae
1717 2363 1836 2411 nec
1868 2345 2093 2412 Deliae
2140 2348 2381 2412 mentio
2430 2347 2504 2412 fit
2550 2347 2657 2432 (cf.
2708 2369 2769 2430 p.
2802 2351 2941 2435 23),

592 2458 947 2536 sequuntur
994 2452 1274 2534 quinque
1322 2469 1485 2533 quae
1533 2451 1601 2514 in
1647 2451 1901 2517 Deliam
1949 2453 2232 2535 scriptae
2280 2460 2458 2519 sunt:

769 2560 867 2627 III
913 2561 998 2643 (a.
1035 2558 1308 2645 724s30)
1357 2559 1389 2622 I
1437 2558 1653 2641 (Delia
1698 2560 1913 2641 vidua)

770 2669 829 2732 V
879 2669 947 2750 (a
994 2666 1191 2731 divite
1241 2670 1529 2731 amatore
1578 2664 1860 2751 irretita)

770 2775 833 2839 11
878 2774 967 2839 VI
1014 2774 1274 2855 (nupta)
1698 2761 1705 2766 ⁸

769 2881 893 2945 VII
939 2884 1026 2962 (a.
1063 2879 1343 2966 727s273
1392 2880 1459 2945 in
1507 2880 1853 2946 Messallae
1900 2880 2069 2945 diem
2116 2880 2445 2965 natalem).

772 2987 1039 3068 Elegiae
1086 2987 1285 3069 igitur
1329 2987 1394 3050 in
1429 2986 1681 3052 Deliam
1728 2988 2013 3069 scriptae
2062 2989 2308 3054 duobus
2355 2989 2485 3055 illis
2520 2992 2707 3055 annis
2741 2995 2941 3057 certis
3043 2974 3044 2979 ἵ

594 3093 1126 3159 determinantur.
1200 3093 1319 3171 Qui
1367 3094 1521 3158 ordo
1572 3094 1626 3159 si
1658 3099 1835 3160 recte
1869 3095 2179 3160 statuitur
2212 3115 2353 3160 cum
2385 3098 2559 3162 ultra
2592 3116 2651 3165 a.
2684 3102 2719 3161 7
2729 3098 2938 3185 271‘27

593 3200 837 3264 nullum
885 3217 1140 3265 carmen
1189 3200 1500 3282 procedat
1545 3200 1894 3266 verisimile
1952 3206 2052 3266 est
2098 3203 2323 3266 eodem
2371 3222 2538 3270 anno
2588 3205 2690 3270 vel
2737 3206 2937 3286 paulo

591 3312 741 3388 post
794 3306 1162 3373 universum
1227 3306 1462 3371 librum
1524 3326 1563 3371 a
1612 3307 1861 3372 Tibullo
1913 3308 2156 3373 editum
2206 3327 2365 3375 esse.
2458 3310 2623 3375 Nam
2670 3317 2937 3392 poetam

594 3414 916 3496 quianno
953 3412 1107 3500 735!
1122 3417 1221 3495 19,
1280 3419 1354 3479 ut
1398 3414 1633 3479 scimus
1693 3432 1771 3478 ex
1828 3414 2165 3505 notissimo
2218 3415 2486 3481 Domitii
2533 3418 2734 3484 Marsi
2802 3420 2939 3501 epi-

737 3609 782 3678 1)
815 3609 852 3663 l.
880 3608 918 3662 1.
944 3626 996 3678 Ρ.
1030 3609 1124 3682 151
1161 3625 1277 3678 sqq.

734 3696 779 3769 2)
803 3698 907 3752 Die
926 3697 1193 3752 romische
1208 3697 1436 3766 Elegio:
1457 3698 1639 3767 Leipz.
1670 3700 1822 3764 1838,
1859 3700 1944 3754 39.
1975 3700 2006 3753 2
2028 3699 2154 3754 voll.
2194 3699 2299 3757 vol.
2310 3700 2417 3769 I‚p.
2438 3702 2535 3756 165
2548 3716 2685 3770 sqq„
2700 3704 2803 3757 259
2818 3720 2935 3773 sqq.
3041 3682 3042 3738 3

685 3781 698 3790 ⁶
732 3787 778 3858 3)
813 3788 1010 3841 Rhein.
1047 3787 1186 3843 Mus.
1225 3786 1441 3841 XXXII
1477 3787 1664 3858 (1877)
1699 3804 1751 3856 Ρ.
1778 3789 1885 3843 445
1910 3804 2029 3858 sqq.

730 3876 777 3947 4)
814 3876 1174 3941 Quaestiones
1198 3876 1256 3929 in
1281 3875 1488 3929 Tibulli
1511 3876 1713 3930 librum
1731 3877 1759 3929 1
1787 3876 2216 3946 chronologicae.
2278 3878 2407 3931 diss.
2435 3878 2581 3947 Lips.
2638 3879 2935 3935 Fuersten-

591 3964 818 4019 waldiae
862 3968 1024 4035 1887,
1081 3965 1227 4035 quod
1282 3964 1605 4033 opusculum
1642 3965 1882 4019 auctoris
1920 3964 2303 4019 benevolentia
2340 3966 2409 4019 ad
2445 3982 2530 4020 me
2568 3968 2792 4021 missum
2833 3974 2934 4023 est.

507 4082 514 4087 ·
592 4054 672 4109 Cf.
713 4054 909 4121 Hiller‚
946 4054 1088 4108 Berl.
1126 4053 1258 4123 phil.
1297 4053 1684 4107 Wochenschr.
1711 4052 1845 4108 VIII
1880 4053 2067 4122 (1888)
2100 4070 2153 4122 Ρ.
2180 4056 2477 4110 811-816.

735 4142 782 4212 5)
819 4143 930 4197 Leo
976 4143 1013 4197 l.
1050 4142 1088 4195 1.
1134 4159 1188 4211 p.
1218 4144 1312 4206 203
1367 4141 1546 4195 Hiller
1602 4159 1654 4211 p.
1691 4144 1809 4208 814,
1866 4158 1928 4203 n3
1984 4142 2244 4209 Magnus,
2300 4143 2443 4201 Berl.
2488 4144 2622 4214 phil.
2665 4145 2931 4201 Wochen-

591 4231 732 4286 schr.
771 4232 910 4287 VIII
947 4232 1134 4306 (1888)
1170 4248 1222 4301 p.
1243 4234 1343 4288 331
1365 4248 1441 4303 sq.
