3075 5100
2506 315 2591 378 43

242 496 594 577 refutatur,
637 499 852 562 tamen
886 513 963 562 ea
995 499 1246 577 quoque
1295 513 1460 577 quae
1508 493 1718 559 critici
1765 513 1841 559 ex
1887 513 1986 558 vv.
2024 494 2127 556 57.
2164 493 2247 557 58
2296 492 2363 556 in
2410 511 2595 558 suum

243 622 440 668 usum
473 607 930 668 converterunt
980 601 1416 666 examinemus
1464 604 1741 681 oportet.
1835 599 1971 664 Iam
2018 601 2187 681 quod
2234 597 2596 666 offendebat

243 709 780 793 Baehrensium1)
841 709 1174 791 opinatum
1220 708 1381 772 haec
1427 707 1625 772 verba
1672 705 1969 772 Ovidium
2018 706 2073 771 si
2120 708 2471 772 secundum
2517 707 2596 770 li-

246 817 440 880 brum
489 817 730 881 editum
777 812 1062 878 novisset
1094 814 1351 881 Nemesi
1397 833 1524 880 non
1573 813 1965 878 tributurum
2012 811 2211 880 fuisse
2256 832 2384 878 non
2433 823 2595 895 opus

249 929 356 989 est
402 922 690 988 refutare
740 939 880 985 cum
928 925 1180 986 constet
1225 939 1303 986 ex
1349 941 1444 986 vv.
1483 921 1588 986 31.
1625 922 1707 983 32
1758 920 1927 985 hunc
1972 920 2206 985 librum
2254 939 2294 984 a
2341 920 2596 986 Tibullo

248 1031 500 1112 editum
533 1047 672 1096 esse
688 1029 757 1110 2).
856 1027 982 1094 Sed
1013 1028 1154 1110 ipse
1187 1028 1635 1093 Lachmannus
1667 1028 1765 1092 vir
1795 1027 2390 1107 praestantissimus
2444 1028 2596 1093 olim

249 1136 666 1202 dubitaverat
711 1154 862 1200 num
896 1134 1187 1200 Tibullus
1234 1134 1470 1200 librum
1517 1134 1865 1199 secundum
1911 1133 2052 1215 ipse
2100 1135 2434 1212 edidisset;
2485 1137 2597 1216 qui

248 1243 515 1324 quidem
547 1241 937 1308 sententiam
969 1260 1150 1307 suam
1182 1246 1256 1306 ut
1295 1229 1550 1308 ¹solebat
1590 1240 1811 1305 dedita
1853 1258 2051 1322 opera
2078 1247 2221 1306 'non
2271 1243 2593 1323 exposuit3

251 1349 372 1416 sed
403 1368 609 1430 pauca
656 1367 823 1430 quae
867 1346 1025 1414 fecit
1071 1349 1268 1414 verba
1313 1349 1394 1414 de
1437 1348 1562 1413 hac
1607 1365 1699 1428 re,
1750 1351 1816 1412 et
1864 1347 1933 1412 in
1965 1347 2202 1412 Tibulli
2250 1349 2533 1414 editione
2548 1347 2595 1432 ³)

252 1458 334 1522 ab
407 1457 552 1537 ipso
625 1462 851 1520 curata
908 1460 974 1521 et
1029 1459 1258 1536 postea
1314 1474 1456 1519 cum
1510 1453 1817 1518 iudicium
1872 1453 2151 1519 faciebat
2206 1455 2286 1520 de
2340 1455 2598 1521 Disseni

251 1563 711 1628 commentario
725 1561 794 1643 ⁴),
831 1562 1052 1644 gravia
1099 1567 1202 1627 sat
1249 1566 1428 1627 certa
1474 1565 1626 1626 sunt
1671 1580 1749 1626 ex
1796 1561 2027 1642 quibus
2076 1562 2228 1642 quid
2276 1581 2421 1628 eum
2466 1582 2597 1629 mo-

249 1670 422 1735 verit
479 1673 920 1751 cognoscatur.
1018 1669 1256 1734 Tamen
1303 1669 1475 1750 quod
1523 1672 1742 1732 censet
1788 1672 1854 1732 et
1900 1668 2120 1734 multis
2166 1669 2431 1751 placuit,
2480 1671 2595 1735 mi-

249 1795 397 1840 rum
456 1793 597 1842 esse
653 1776 823 1858 quod
885 1774 1149 1841 Ovidius
1204 1781 1280 1840 ut
1328 1793 1404 1840 ex
1450 1775 1657 1855 primo
1705 1773 1870 1838 libro
1922 1774 2283 1841 Tibulliano
2330 1795 2457 1842 non
2505 1777 2598 1840 ita

253 1902 333 1948 ex
365 1883 648 1948 secundo
673 1883 740 1946 in
765 1900 951 1946 suum
981 1901 1168 1946 usum
1192 1883 1506 1964 quaedam
1546 1881 1954 1961 converterit,
1980 1882 2136 1946 mihi
2169 1902 2296 1948 non
2332 1883 2597 1948 arridet.

256 1988 526 2071 Iamque
585 1989 879 2069 conced0‚
929 1989 984 2053 si
1031 1988 1329 2054 similiter
1385 2008 1460 2054 ac
1506 1989 1698 2071 primi
1753 1987 1903 2052 libri
1952 1988 2298 2054 Tibulliani
2356 1989 2599 2068 elegias

253 2094 352 2158 111
401 2099 468 2161 et
513 2095 546 2160 I
592 2095 854 2160 secundi
901 2113 1156 2178 quoque
1202 2097 1512 2178 quasdam
1546 2094 1814 2161 Ovidius
1863 2095 1930 2160 in
1979 2096 2268 2177 epicedio
2316 2095 2597 2176 exscrip-

255 2202 474 2282 sisset,
531 2203 970 2268 testimonium
1024 2203 1228 2269 multo
1288 2203 1549 2285 gravius
1595 2201 1881 2269 futurum
1928 2222 2070 2269 esse
2118 2222 2243 2286 quo
2290 2202 2601 2284 probetur
2666 2239 2672 2244 -

257 2308 560 2374 Ovidium
615 2311 773 2376 editi
827 2311 1017 2375 huius
1071 2311 1223 2375 libri
1279 2310 1576 2376 notitiam
1635 2310 1967 2391 habuisse3
2017 2311 2277 2394 gravius
2324 2309 2466 2375 dico
2514 2346 2599 2354 -—

257 2433 407 2480 nam
465 2417 636 2497 quod
683 2417 748 2482 in
796 2438 853 2484 v.
891 2421 970 2482 31
1022 2418 1296 2500 legimus
1343 2435 1463 2499 per
1509 2436 1580 2482 se
1628 2418 1789 2483 satis
1838 2437 2032 2499 grave
2081 2423 2199 2484 est.
2292 2418 2379 2482 Et
2424 2418 2602 2483 aliud

257 2521 535 2587 accedit:
574 2523 812 2589 etenim
845 2525 898 2589 si
933 2525 1310 2606 respicimus
1345 2524 1642 2590 Ovidium
1688 2525 1754 2589 in
1803 2543 1882 2591 ea
1928 2525 2366 2591 tantummodo
2412 2530 2600 2608 parte

257 2629 534 2710 epicedii
589 2649 754 2711 quae
807 2637 1063 2712 spectat
1116 2634 1200 2697 ad
1253 2631 1524 2699 feminas
1583 2638 1891 2713 quattuor
1946 2652 2245 2714 supremo
2307 2634 2373 2697 in
2419 2632 2597 2699 illum

403 2825 445 2894 1)
485 2828 666 2889 „Denn
705 2825 938 2875 wc‘ihrend
975 2843 1026 2875 er
1061 2823 1262 2891 (Ovid),
1302 2843 1378 2876 um
1417 2825 1509 2875 den
1548 2825 1703 2875 Leser
1739 2844 1806 2875 an
1841 2826 2028 2879 Tibulls
2053 2827 2229 2877 Poesie
2263 2845 2322 2877 zu
2359 2828 2601 2890 erinnem,

258 2916 460 2965 manche
478 2914 788 2968 Situationen
827 2914 928 2964 und
946 2914 1234 2965 Ausdriicke
1272 2913 1357 2963 des
1395 2924 1549 2965 ersten
1576 2915 1769 2964 Buches
1793 2915 2034 2980 yeschickt
2061 2917 2352 2979 ver-mercha,
2392 2917 2603 2968 erinnert

259 3022 311 3053 er
349 3022 416 3053 an
438 3006 586 3067 jenes
631 3004 781 3053 durch
829 3004 938 3054 kein
985 3004 1192 3069 einziqes
1242 3002 1406 3064 W⁷ort5
1435 3006 1506 3069 ja
1554 3022 1606 3053 er
1648 3004 1759 3067 yeht
1797 3002 1869 3054 'in
1915 3005 2089 3055 seinem
2126 3004 2289 3069 Eifer,
2338 3004 2607 3056 tibullische

257 3092 656 3142 Reminiscenzen
702 3093 1045 3157 anzubrinyen‚
1094 3110 1148 3143 so
1185 3093 1310 3154 weit,
1360 3111 1403 3143 v.
1430 3092 1496 3143 57
1535 3092 1618 3143 die
1654 3092 1875 3144 Nemesis
1917 3110 2063 3158 soyen
2108 3111 2167 3142 zu
2213 3094 2398 3146 lassen:
2449 3094 2604 3158 „quid

259 3181 353 3230 tibi
385 3181 586 3247 (Delia)
621 3190 739 3232 sunt.
769 3198 876 3231 mea
915 3181 1114 3233 damma
1152 3181 1347 3230 dolori?
1392 3199 1464 3231 me
1500 3183 1651 3233 tenuit
1688 3182 1895 3232 moriens
1932 3181 2183 3245 deficiente
2228 3186 2425 3243 manu“‚
2474 3182 2604 3231 nicht

256 3270 417 3334 yrade
459 3270 722 3335 qlic‘cklich‚
771 3270 838 3319 da
894 3269 1055 3322 Tibull
1099 3269 1245 3320 selbst
1289 3288 1357 3321 an
1403 3272 1562 3323 Delia
1608 3270 1739 3320 dieue
1789 3268 1952 3321 Worte
1987 3270 2033 3333 I,
2059 3272 2105 3332 1,
2134 3270 2235 3321 ὅθι
2290 3280 2369 3333 „te
2418 3280 2603 3320 teneam

259 3358 468 3409 moriens
508 3358 757 3423 deficiente
794 3364 975 3411 πωπω(
1009 3360 1239 3425 yerichtet
1274 3361 1422 3413 hatte.
1487 3360 1679 3410 Die-se
1715 3359 2145 3426 unqeschickte
2182 3359 2604 3409 Reminiscenz

261 3448 474 3499 wiirde
521 3449 723 3499 Tibull
757 3449 1172 3499 nimmermehr
1217 3450 1601 3513 anyebracht
1649 3449 1870 3510 haben,
1919 3448 2087 3499 hiitte
2133 3449 2247 3498 ihm
2294 3448 2448 3499 auch
2485 3446 2605 3499 das

261 3538 472 3590 zweite
508 3536 682 3587 Buch
718 3538 902 3589 achon
941 3539 1335 3604 voryeleyen“
1372 3535 1500 3604 (1.1.
1527 3539 1634 3605 p.7
1664 3536 1783 3605 sq.)

402 3622 449 3692 2)
485 3624 878 3679 Baehrentium
913 3641 1199 3695 perperam
1236 3626 1486 3695 sequitur
1524 3627 1807 3680 Doncieux
1840 3626 1902 3696 (1.
1931 3626 1969 3681 1.
2001 3645 2053 3697 p.
2090 3631 2149 3682 ll
2181 3644 2235 3681 n.
2270 3628 2340 3696 2).

406 3711 454 3780 3)
488 3730 541 3782 p.
573 3716 667 3768 44:
711 3752 926 3776 .....
974 3716 1062 3779 qui
1106 3716 1230 3766 hunc
1277 3717 1451 3770 librum
1496 3715 1881 3785 (Lygdamum)
1932 3735 2035 3767 cum
2081 3718 2291 3768 secundo
2338 3728 2383 3767 et
2428 3728 2603 3783 qua-rto

263 3803 434 3865 edidit,
467 3813 584 3868 post
619 3804 796 3855 obitum
841 3804 1038 3866 Tibulli,
1078 3806 1178 3855 nisi
1195 3805 1394 3873 fallor.-
1423 3816 1550 3856 certo
1592 3805 1799 3857 Ovidius
1834 3824 1984 3871 neque
2021 3806 2071 3855 in
2109 3807 2329 3871 epistolis
2366 3824 2515 3870 neque
2553 3806 2603 3857 in

263 3891 482 3956 epicedio
529 3890 713 3945 Tibulli
747 3910 807 3943 ex
845 3894 916 3943 eis
952 3894 1210 3959 quicquam
1247 3894 1467 3944 imitatus
1503 3904 1587 3956 est,
1629 3896 1761 3960 quod
1798 3905 1957 3946 tamen
1986 3904 2166 3960 postea
2201 3912 2349 3960 saepe
2370 3896 2553 3963 fecit.“

401 3979 449 4048 4)
487 3980 576 4033 Kl.
607 3980 759 4036 Schr.
794 3997 848 4049 p.
885 3983 1010 4035 154:
1071 3983 1197 4045 „wir
1233 3984 1444 4033 mdchten
1485 3984 1617 4033 nicht
1661 3984 1887 4049 ylauben,
1928 3984 2047 4034 dass
2085 3983 2215 4034 ovid
2248 3984 2351 4034 sein
2394 3982 2605 4035 G'edicht

261 4071 358 4136 auf
384 4068 548 4121 Tibull
585 4070 677 4120 den
715 4076 884 4135 spt’iter
920 4071 1357 4136 heratosqeqebenen
1382 4072 1615 4135 Eleyieen
1642 4073 1799 4123 dieses
1825 4074 2058 4124 Dichter-3
2080 4078 2271 4139 qemiiss
2295 4072 2603 4137 cinyerichtet

265 4158 386 4208 habe
431 4159 626 4222 (ausser
671 4160 928 4223 allensalls
975 4160 1024 4209 in
1071 4159 1176 4209 dem
1215 4158 1409 4211 Numen
1446 4159 1670 4211 Nemesis
1702 4164 1804 4229 fiir
1844 4162 2062 4228 Glycere,
2102 4160 2193 4229 [de
2232 4176 2339 4228 qua
2375 4176 2433 4211 re
2468 4159 2535 4212 cf.
2563 4160 2598 4214 i.

265 4262 314 4314 p.
349 4248 484 4318 46]),
521 4248 630 4298 weil
667 4267 718 4299 er
755 4248 878 4299 doch
914 4258 1046 4300 sonst
1083 4251 1183 4315 auf
1209 4248 1398 4301 Stellen
1435 4249 1520 4299 des
1556 4251 1751 4301 zweiten
1788 4250 1959 4303 Buchs
1993 4250 2243 4316 anspielen
2280 4251 2499 4302 wic'rdef‘
