<?xml version="1.0" encoding="UTF-8"?>
<!DOCTYPE html PUBLIC "-//W3C//DTD XHTML 1.0 Transitional//EN"
    "http://www.w3.org/TR/xhtml1/DTD/xhtml1-transitional.dtd">
<html xmlns="http://www.w3.org/1999/xhtml" xml:lang="en" lang="en">
 <head>
  <title>
</title>
<meta http-equiv="Content-Type" content="text/html;charset=utf-8" />
  <meta name='ocr-system' content='tesseract 3.04.00' />
  <meta name='ocr-capabilities' content='ocr_page ocr_carea ocr_par ocr_line ocrx_word'/>
</head>
<body>
  <div class='ocr_page' id='page_1' title='image "./studiatibullian01ullrgoog_0068.png"; bbox 0 0 3075 5100; ppageno 0'>
   <div class='ocr_carea' id='block_1_1' title="bbox 485 317 568 380">
    <p class='ocr_par' dir='ltr' id='par_1_1' title="bbox 485 317 568 380">
     <span class='ocr_line' id='line_1_1' title="bbox 485 317 568 380; baseline 0.012 -1"><span class='ocrx_word' id='word_1_1' title='bbox 485 317 568 380; x_wconf 89' lang='grc'>60</span> 
     </span>
    </p>
   </div>
   <div class='ocr_carea' id='block_1_2' title="bbox 459 489 2839 2927">
    <p class='ocr_par' dir='ltr' id='par_1_2' title="bbox 479 489 2839 1751">
     <span class='ocr_line' id='line_1_2' title="bbox 479 489 2835 574; baseline -0.001 -15"><span class='ocrx_word' id='word_1_2' title='bbox 479 492 582 559; x_wconf 91' lang='lat' dir='ltr'>vel</span> <span class='ocrx_word' id='word_1_3' title='bbox 616 511 916 558; x_wconf 85' lang='lat' dir='ltr'>versuum</span> <span class='ocrx_word' id='word_1_4' title='bbox 951 510 1217 557; x_wconf 89' lang='lat' dir='ltr'>numero</span> <span class='ocrx_word' id='word_1_5' title='bbox 1250 492 1497 557; x_wconf 89' lang='lat' dir='ltr'>minore</span> <span class='ocrx_word' id='word_1_6' title='bbox 1525 509 1910 573; x_wconf 90' lang='lat' dir='ltr'>quemquam</span> <span class='ocrx_word' id='word_1_7' title='bbox 1938 489 2219 557; x_wconf 87' lang='lat' dir='ltr'>offendat</span> <span class='ocrx_word' id='word_1_8' title='bbox 2232 490 2297 574; x_wconf 89' lang='lat'>¹).</span> <span class='ocrx_word' id='word_1_9' title='bbox 2394 491 2561 570; x_wconf 85' lang='lat' dir='ltr'>Quid</span> <span class='ocrx_word' id='word_1_10' title='bbox 2612 499 2835 558; x_wconf 88' lang='lat' dir='ltr'>autem</span> 
     </span>
     <span class='ocr_line' id='line_1_3' title="bbox 481 598 2836 682; baseline -0.001 -16"><span class='ocrx_word' id='word_1_11' title='bbox 481 605 676 682; x_wconf 90' lang='lat' dir='ltr'>poeta</span> <span class='ocrx_word' id='word_1_12' title='bbox 744 599 1070 681; x_wconf 80' lang='lat' dir='ltr'>indignius</span> <span class='ocrx_word' id='word_1_13' title='bbox 1141 618 1333 680; x_wconf 86' lang='lat' dir='ltr'>quam</span> <span class='ocrx_word' id='word_1_14' title='bbox 1400 599 1636 664; x_wconf 91' lang='lat' dir='ltr'>librum</span> <span class='ocrx_word' id='word_1_15' title='bbox 1708 598 1844 663; x_wconf 89' lang='lat' dir='ltr'>sive</span> <span class='ocrx_word' id='word_1_16' title='bbox 1914 599 2023 680; x_wconf 91' lang='lat' dir='ltr'>qui</span> <span class='ocrx_word' id='word_1_17' title='bbox 2073 599 2435 663; x_wconf 88' lang='lat' dir='ltr'>continuam</span> <span class='ocrx_word' id='word_1_18' title='bbox 2486 618 2623 664; x_wconf 90' lang='lat' dir='ltr'>rem</span> <span class='ocrx_word' id='word_1_19' title='bbox 2674 601 2836 681; x_wconf 87' lang='lat' dir='ltr'>agit,</span> 
     </span>
     <span class='ocr_line' id='line_1_4' title="bbox 481 703 2834 789; baseline -0.001 -18"><span class='ocrx_word' id='word_1_20' title='bbox 481 707 749 788; x_wconf 85' lang='lat' dir='ltr'>epicum,</span> <span class='ocrx_word' id='word_1_21' title='bbox 784 707 918 770; x_wconf 88' lang='lat' dir='ltr'>sive</span> <span class='ocrx_word' id='word_1_22' title='bbox 945 705 1049 787; x_wconf 89' lang='lat' dir='ltr'>qui</span> <span class='ocrx_word' id='word_1_23' title='bbox 1093 723 1169 770; x_wconf 86' lang='lat' dir='ltr'>ex</span> <span class='ocrx_word' id='word_1_24' title='bbox 1201 704 1470 786; x_wconf 90' lang='lat' dir='ltr'>singulis</span> <span class='ocrx_word' id='word_1_25' title='bbox 1502 703 1893 769; x_wconf 85' lang='lat' dir='ltr'><strong>carminibus</strong></span> <span class='ocrx_word' id='word_1_26' title='bbox 1928 705 2317 785; x_wconf 88' lang='lat' dir='ltr'>compositus</span> <span class='ocrx_word' id='word_1_27' title='bbox 2367 711 2487 789; x_wconf 90' lang='lat' dir='ltr'>est,</span> <span class='ocrx_word' id='word_1_28' title='bbox 2534 707 2834 788; x_wconf 88' lang='lat' dir='ltr'>lyricum,</span> 
     </span>
     <span class='ocr_line' id='line_1_5' title="bbox 480 812 2834 894; baseline -0 -16"><span class='ocrx_word' id='word_1_29' title='bbox 480 814 619 878; x_wconf 92' lang='lat' dir='ltr'>loco</span> <span class='ocrx_word' id='word_1_30' title='bbox 676 818 850 878; x_wconf 90' lang='lat' dir='ltr'>certo</span> <span class='ocrx_word' id='word_1_31' title='bbox 904 812 1190 876; x_wconf 81' lang='lat' dir='ltr'>incidere</span> <span class='ocrx_word' id='word_1_32' title='bbox 1238 831 1318 876; x_wconf 91' lang='lat' dir='ltr'>ne</span> <span class='ocrx_word' id='word_1_33' title='bbox 1364 812 1541 877; x_wconf 90' lang='lat' dir='ltr'>ultra</span> <span class='ocrx_word' id='word_1_34' title='bbox 1587 830 1873 875; x_wconf 89' lang='lat' dir='ltr'>normam</span> <span class='ocrx_word' id='word_1_35' title='bbox 1929 813 2098 876; x_wconf 89' lang='lat'>1100</span> <span class='ocrx_word' id='word_1_36' title='bbox 2145 829 2445 877; x_wconf 85' lang='lat' dir='ltr'>versuum</span> <span class='ocrx_word' id='word_1_37' title='bbox 2492 815 2834 894; x_wconf 87' lang='lat' dir='ltr'>procedat,</span> 
     </span>
     <span class='ocr_line' id='line_1_6' title="bbox 481 916 2839 1008; baseline -0 -23"><span class='ocrx_word' id='word_1_38' title='bbox 481 921 582 985; x_wconf 86' lang='lat' dir='ltr'>vel</span> <span class='ocrx_word' id='word_1_39' title='bbox 633 921 872 1002; x_wconf 82' lang='lat' dir='ltr'><strong>cyclum</strong></span> <span class='ocrx_word' id='word_1_40' title='bbox 920 919 1228 984; x_wconf 77' lang='lat' dir='ltr'>minorem</span> <span class='ocrx_word' id='word_1_41' title='bbox 1279 918 1534 1008; x_wconf 80' lang='lat' dir='ltr'>quidem</span> <span class='ocrx_word' id='word_1_42' title='bbox 1585 919 1699 984; x_wconf 90' lang='lat' dir='ltr'>sed</span> <span class='ocrx_word' id='word_1_43' title='bbox 1747 919 1987 999; x_wconf 91' lang='lat' dir='ltr'>optime</span> <span class='ocrx_word' id='word_1_44' title='bbox 2036 916 2393 984; x_wconf 85' lang='lat' dir='ltr'>confectum</span> <span class='ocrx_word' id='word_1_45' title='bbox 2440 919 2839 1001; x_wconf 90' lang='lat' dir='ltr'>dignumque</span> 
     </span>
     <span class='ocr_line' id='line_1_7' title="bbox 484 1025 2833 1110; baseline 0 -20"><span class='ocrx_word' id='word_1_46' title='bbox 484 1029 594 1110; x_wconf 91' lang='lat' dir='ltr'>qui</span> <span class='ocrx_word' id='word_1_47' title='bbox 651 1045 938 1092; x_wconf 90' lang='lat' dir='ltr'>seorsum</span> <span class='ocrx_word' id='word_1_48' title='bbox 1005 1026 1073 1091; x_wconf 93' lang='lat' dir='ltr'>in</span> <span class='ocrx_word' id='word_1_49' title='bbox 1137 1025 1344 1090; x_wconf 88' lang='lat' dir='ltr'>lucem</span> <span class='ocrx_word' id='word_1_50' title='bbox 1420 1027 1756 1092; x_wconf 82' lang='lat' dir='ltr'>emittatur</span> <span class='ocrx_word' id='word_1_51' title='bbox 1815 1029 2083 1107; x_wconf 90' lang='lat' dir='ltr'>propter</span> <span class='ocrx_word' id='word_1_52' title='bbox 2144 1026 2211 1090; x_wconf 87' lang='lat' dir='ltr'>id</span> <span class='ocrx_word' id='word_1_53' title='bbox 2273 1026 2480 1107; x_wconf 89' lang='lat' dir='ltr'>ipsum</span> <span class='ocrx_word' id='word_1_54' title='bbox 2540 1026 2833 1092; x_wconf 84' lang='lat' dir='ltr'>retinere</span> 
     </span>
     <span class='ocr_line' id='line_1_8' title="bbox 483 1133 2836 1216; baseline -0 -18"><span class='ocrx_word' id='word_1_55' title='bbox 483 1135 655 1216; x_wconf 93' lang='lat' dir='ltr'>quod</span> <span class='ocrx_word' id='word_1_56' title='bbox 698 1153 777 1198; x_wconf 91' lang='lat' dir='ltr'>ne</span> <span class='ocrx_word' id='word_1_57' title='bbox 821 1153 1044 1200; x_wconf 89' lang='lat' dir='ltr'>versus</span> <span class='ocrx_word' id='word_1_58' title='bbox 1077 1133 1334 1214; x_wconf 90' lang='lat' dir='ltr'>quidem</span> <span class='ocrx_word' id='word_1_59' title='bbox 1385 1133 1511 1195; x_wconf 85' lang='lat'>500</span> <span class='ocrx_word' id='word_1_60' title='bbox 1562 1133 1937 1199; x_wconf 78' lang='lat' dir='ltr'>contineat?</span> <span class='ocrx_word' id='word_1_61' title='bbox 1983 1133 2137 1213; x_wconf 89' lang='lat' dir='ltr'>quid</span> <span class='ocrx_word' id='word_1_62' title='bbox 2184 1151 2398 1197; x_wconf 88' lang='lat' dir='ltr'>rerum</span> <span class='ocrx_word' id='word_1_63' title='bbox 2446 1153 2572 1198; x_wconf 91' lang='lat' dir='ltr'>non</span> <span class='ocrx_word' id='word_1_64' title='bbox 2624 1135 2836 1198; x_wconf 85' lang='lat' dir='ltr'>solum</span> 
     </span>
     <span class='ocr_line' id='line_1_9' title="bbox 484 1237 2831 1323; baseline -0.001 -18"><span class='ocrx_word' id='word_1_65' title='bbox 484 1241 901 1323; x_wconf 84' lang='lat' dir='ltr'>descriptioni</span> <span class='ocrx_word' id='word_1_66' title='bbox 973 1245 1040 1305; x_wconf 92' lang='lat' dir='ltr'>et</span> <span class='ocrx_word' id='word_1_67' title='bbox 1109 1239 1521 1320; x_wconf 84' lang='lat' dir='ltr'>explicationi</span> <span class='ocrx_word' id='word_1_68' title='bbox 1578 1238 1692 1304; x_wconf 91' lang='lat' dir='ltr'>sed</span> <span class='ocrx_word' id='word_1_69' title='bbox 1751 1239 1945 1302; x_wconf 90' lang='lat' dir='ltr'>etiam</span> <span class='ocrx_word' id='word_1_70' title='bbox 2001 1237 2356 1304; x_wconf 87' lang='lat' dir='ltr'>munditiae</span> <span class='ocrx_word' id='word_1_71' title='bbox 2414 1246 2481 1305; x_wconf 95' lang='lat' dir='ltr'>et</span> <span class='ocrx_word' id='word_1_72' title='bbox 2533 1241 2831 1305; x_wconf 85' lang='lat' dir='ltr'>ubertati</span> 
     </span>
     <span class='ocr_line' id='line_1_10' title="bbox 482 1345 2831 1429; baseline -0 -17"><span class='ocrx_word' id='word_1_73' title='bbox 482 1349 688 1429; x_wconf 91' lang='lat' dir='ltr'>magis</span> <span class='ocrx_word' id='word_1_74' title='bbox 736 1349 963 1413; x_wconf 84' lang='lat' dir='ltr'>nocet?</span> <span class='ocrx_word' id='word_1_75' title='bbox 1055 1347 1270 1428; x_wconf 88' lang='lat' dir='ltr'>Atque</span> <span class='ocrx_word' id='word_1_76' title='bbox 1319 1345 1612 1426; x_wconf 87' lang='lat' dir='ltr'>exempla</span> <span class='ocrx_word' id='word_1_77' title='bbox 1659 1363 1823 1428; x_wconf 89' lang='lat' dir='ltr'>quae</span> <span class='ocrx_word' id='word_1_78' title='bbox 1870 1347 2260 1410; x_wconf 89' lang='lat' dir='ltr'>sententiam</span> <span class='ocrx_word' id='word_1_79' title='bbox 2307 1364 2514 1411; x_wconf 88' lang='lat' dir='ltr'>meam</span> <span class='ocrx_word' id='word_1_80' title='bbox 2564 1345 2831 1411; x_wconf 90' lang='lat' dir='ltr'>firment</span> 
     </span>
     <span class='ocr_line' id='line_1_11' title="bbox 485 1452 2832 1536; baseline -0.001 -16"><span class='ocrx_word' id='word_1_81' title='bbox 485 1460 711 1520; x_wconf 86' lang='lat' dir='ltr'>extant</span> <span class='ocrx_word' id='word_1_82' title='bbox 744 1455 1084 1536; x_wconf 91' lang='lat' dir='ltr'>utriusque</span> <span class='ocrx_word' id='word_1_83' title='bbox 1115 1453 1370 1534; x_wconf 88' lang='lat' dir='ltr'>generis</span> <span class='ocrx_word' id='word_1_84' title='bbox 1420 1453 1827 1535; x_wconf 89' lang='lat' dir='ltr'>gravissima:</span> <span class='ocrx_word' id='word_1_85' title='bbox 1923 1453 2247 1534; x_wconf 88' lang='lat' dir='ltr'>Propertii</span> <span class='ocrx_word' id='word_1_86' title='bbox 2294 1452 2460 1517; x_wconf 92' lang='lat' dir='ltr'>liber</span> <span class='ocrx_word' id='word_1_87' title='bbox 2508 1454 2832 1518; x_wconf 91' lang='lat' dir='ltr'>secundus</span> 
     </span>
     <span class='ocr_line' id='line_1_12' title="bbox 485 1559 2837 1650; baseline -0.001 -23"><span class='ocrx_word' id='word_1_88' title='bbox 485 1563 1118 1648; x_wconf 82' lang='lat' dir='ltr'>(manuscriptorum,</span> <span class='ocrx_word' id='word_1_89' title='bbox 1179 1589 1268 1614; x_wconf 92' lang='lat'><strong><em>=</em></strong></span> <span class='ocrx_word' id='word_1_90' title='bbox 1304 1559 1368 1624; x_wconf 97' lang='lat' dir='ltr'>II</span> <span class='ocrx_word' id='word_1_91' title='bbox 1422 1559 1519 1624; x_wconf 93' lang='lat' dir='ltr'>III</span> <span class='ocrx_word' id='word_1_92' title='bbox 1574 1559 1863 1639; x_wconf 88' lang='lat' dir='ltr'>Lachm.)</span> <span class='ocrx_word' id='word_1_93' title='bbox 1926 1561 2036 1642; x_wconf 92' lang='lat' dir='ltr'>qui</span> <span class='ocrx_word' id='word_1_94' title='bbox 2082 1560 2375 1650; x_wconf 28' lang='lat' dir='ltr'>longior,-</span> <span class='ocrx_word' id='word_1_95' title='bbox 2424 1559 2663 1625; x_wconf 82' lang='lat' dir='ltr'>Tibulli</span> <span class='ocrx_word' id='word_1_96' title='bbox 2735 1579 2837 1625; x_wconf 91' lang='lat' dir='ltr'>se-</span> 
     </span>
     <span class='ocr_line' id='line_1_13' title="bbox 487 1667 2083 1751; baseline -0.003 -16"><span class='ocrx_word' id='word_1_97' title='bbox 487 1670 731 1736; x_wconf 89' lang='lat' dir='ltr'>cundus</span> <span class='ocrx_word' id='word_1_98' title='bbox 780 1669 890 1751; x_wconf 89' lang='lat' dir='ltr'>qui</span> <span class='ocrx_word' id='word_1_99' title='bbox 938 1667 1192 1732; x_wconf 88' lang='lat' dir='ltr'>brevior</span> <span class='ocrx_word' id='word_1_100' title='bbox 1242 1667 1482 1732; x_wconf 90' lang='lat' dir='ltr'>criticis</span> <span class='ocrx_word' id='word_1_101' title='bbox 1533 1684 1675 1732; x_wconf 88' lang='lat' dir='ltr'>esse</span> <span class='ocrx_word' id='word_1_102' title='bbox 1723 1667 2083 1732; x_wconf 86' lang='lat' dir='ltr'>videbatur.</span> 
     </span>
    </p>

    <p class='ocr_par' dir='ltr' id='par_1_3' title="bbox 459 1771 2837 2927">
     <span class='ocr_line' id='line_1_14' title="bbox 663 1771 2837 1856; baseline -0 -17"><span class='ocrx_word' id='word_1_103' title='bbox 663 1776 922 1840; x_wconf 86' lang='lat' dir='ltr'>Etenim</span> <span class='ocrx_word' id='word_1_104' title='bbox 967 1780 1043 1839; x_wconf 91' lang='lat' dir='ltr'>ut</span> <span class='ocrx_word' id='word_1_105' title='bbox 1089 1771 1422 1838; x_wconf 88' lang='lat' dir='ltr'>offensioni</span> <span class='ocrx_word' id='word_1_106' title='bbox 1471 1793 1598 1839; x_wconf 93' lang='lat' dir='ltr'>non</span> <span class='ocrx_word' id='word_1_107' title='bbox 1648 1779 1747 1840; x_wconf 85' lang='lat' dir='ltr'>est</span> <span class='ocrx_word' id='word_1_108' title='bbox 1794 1775 1965 1856; x_wconf 92' lang='lat' dir='ltr'>quod</span> <span class='ocrx_word' id='word_1_109' title='bbox 2012 1774 2341 1855; x_wconf 88' lang='lat' dir='ltr'>Propertii</span> <span class='ocrx_word' id='word_1_110' title='bbox 2389 1774 2555 1839; x_wconf 89' lang='lat' dir='ltr'>libro</span> <span class='ocrx_word' id='word_1_111' title='bbox 2607 1793 2837 1839; x_wconf 83' lang='lat' dir='ltr'>secun-</span> 
     </span>
     <span class='ocr_line' id='line_1_15' title="bbox 459 1881 2835 1964; baseline -0.003 -14"><span class='ocrx_word' id='word_1_112' title='bbox 459 1887 566 1950; x_wconf 86' lang='lat' dir='ltr'>·do</span> <span class='ocrx_word' id='word_1_113' title='bbox 600 1884 766 1948; x_wconf 81' lang='lat'>1362</span> <span class='ocrx_word' id='word_1_114' title='bbox 801 1899 1026 1947; x_wconf 86' lang='lat' dir='ltr'>versus</span> <span class='ocrx_word' id='word_1_115' title='bbox 1061 1882 1469 1947; x_wconf 89' lang='lat' dir='ltr'>continentur</span> <span class='ocrx_word' id='word_1_116' title='bbox 1503 1883 1737 1963; x_wconf 91' lang='lat' dir='ltr'>(primo</span> <span class='ocrx_word' id='word_1_117' title='bbox 1763 1885 2016 1947; x_wconf 90' lang='lat' dir='ltr'>tantum</span> <span class='ocrx_word' id='word_1_118' title='bbox 2043 1881 2220 1964; x_wconf 85' lang='lat'>708),</span> <span class='ocrx_word' id='word_1_119' title='bbox 2251 1899 2389 1945; x_wconf 91' lang='lat' dir='ltr'>cum</span> <span class='ocrx_word' id='word_1_120' title='bbox 2417 1881 2668 1946; x_wconf 89' lang='lat' dir='ltr'>duobus</span> <span class='ocrx_word' id='word_1_121' title='bbox 2691 1899 2835 1945; x_wconf 85' lang='lat' dir='ltr'>car-</span> 
     </span>
     <span class='ocr_line' id='line_1_16' title="bbox 485 1987 2829 2072; baseline -0.001 -16"><span class='ocrx_word' id='word_1_122' title='bbox 485 1989 763 2056; x_wconf 82' lang='lat' dir='ltr'>minibus</span> <span class='ocrx_word' id='word_1_123' title='bbox 810 1989 1017 2071; x_wconf 87' lang='lat' dir='ltr'>primo</span> <span class='ocrx_word' id='word_1_124' title='bbox 1070 2025 1150 2034; x_wconf 88' lang='lat'><em>-</em></span> <span class='ocrx_word' id='word_1_125' title='bbox 1185 1988 1453 2072; x_wconf 87' lang='lat' dir='ltr'>prologo</span> <span class='ocrx_word' id='word_1_126' title='bbox 1485 2025 1571 2036; x_wconf 95' lang='lat'><strong>—</strong></span> <span class='ocrx_word' id='word_1_127' title='bbox 1606 1993 1673 2054; x_wconf 91' lang='lat' dir='ltr'>et</span> <span class='ocrx_word' id='word_1_128' title='bbox 1703 1989 2028 2054; x_wconf 90' lang='lat' dir='ltr'>tricesimo</span> <span class='ocrx_word' id='word_1_129' title='bbox 2065 1993 2295 2070; x_wconf 90' lang='lat' dir='ltr'>quarto</span> <span class='ocrx_word' id='word_1_130' title='bbox 2332 2024 2415 2034; x_wconf 85' lang='lat'>-—-</span> <span class='ocrx_word' id='word_1_131' title='bbox 2450 1987 2708 2070; x_wconf 84' lang='lat' dir='ltr'>epilogo</span> <span class='ocrx_word' id='word_1_132' title='bbox 2746 2026 2829 2034; x_wconf 87' lang='lat'>--</span> 
     </span>
     <span class='ocr_line' id='line_1_17' title="bbox 485 2093 2833 2179; baseline -0.002 -17"><span class='ocrx_word' id='word_1_133' title='bbox 485 2096 862 2179; x_wconf 88' lang='lat' dir='ltr'>Propertius</span> <span class='ocrx_word' id='word_1_134' title='bbox 910 2095 1076 2159; x_wconf 93' lang='lat' dir='ltr'>hunc</span> <span class='ocrx_word' id='word_1_135' title='bbox 1122 2095 1356 2160; x_wconf 89' lang='lat' dir='ltr'>librum</span> <span class='ocrx_word' id='word_1_136' title='bbox 1405 2096 1697 2161; x_wconf 88' lang='lat' dir='ltr'>consulto</span> <span class='ocrx_word' id='word_1_137' title='bbox 1756 2093 2305 2177; x_wconf 70' lang='lat' dir='ltr'>circumdederit2)</span> <span class='ocrx_word' id='word_1_138' title='bbox 2356 2095 2579 2178; x_wconf 90' lang='lat' dir='ltr'>itaque</span> <span class='ocrx_word' id='word_1_139' title='bbox 2634 2113 2833 2159; x_wconf 93' lang='lat' dir='ltr'>unum</span> 
     </span>
     <span class='ocr_line' id='line_1_18' title="bbox 487 2200 2835 2285; baseline -0 -18"><span class='ocrx_word' id='word_1_140' title='bbox 487 2220 631 2267; x_wconf 89' lang='lat' dir='ltr'>esse</span> <span class='ocrx_word' id='word_1_141' title='bbox 679 2200 1155 2285; x_wconf 88' lang='lat' dir='ltr'>significaverit,</span> <span class='ocrx_word' id='word_1_142' title='bbox 1205 2203 1300 2266; x_wconf 88' lang='lat' dir='ltr'>ita</span> <span class='ocrx_word' id='word_1_143' title='bbox 1345 2203 1482 2267; x_wconf 86' lang='lat' dir='ltr'>vice</span> <span class='ocrx_word' id='word_1_144' title='bbox 1528 2221 1716 2268; x_wconf 84' lang='lat' dir='ltr'>versa</span> <span class='ocrx_word' id='word_1_145' title='bbox 1764 2201 1999 2267; x_wconf 90' lang='lat' dir='ltr'>Tibulli</span> <span class='ocrx_word' id='word_1_146' title='bbox 2062 2201 2225 2266; x_wconf 89' lang='lat' dir='ltr'>liber</span> <span class='ocrx_word' id='word_1_147' title='bbox 2284 2202 2601 2266; x_wconf 88' lang='lat' dir='ltr'>secundus</span> <span class='ocrx_word' id='word_1_148' title='bbox 2660 2202 2835 2284; x_wconf 89' lang='lat' dir='ltr'>quod</span> 
     </span>
     <span class='ocr_line' id='line_1_19' title="bbox 489 2307 2834 2392; baseline 0 -18"><span class='ocrx_word' id='word_1_149' title='bbox 489 2309 750 2375; x_wconf 89' lang='lat' dir='ltr'>dimidio</span> <span class='ocrx_word' id='word_1_150' title='bbox 799 2307 932 2374; x_wconf 91' lang='lat' dir='ltr'>fere</span> <span class='ocrx_word' id='word_1_151' title='bbox 979 2309 1188 2373; x_wconf 88' lang='lat' dir='ltr'>minor</span> <span class='ocrx_word' id='word_1_152' title='bbox 1248 2314 1348 2374; x_wconf 90' lang='lat' dir='ltr'>est</span> <span class='ocrx_word' id='word_1_153' title='bbox 1403 2310 1611 2391; x_wconf 90' lang='lat' dir='ltr'>primo</span> <span class='ocrx_word' id='word_1_154' title='bbox 1662 2310 1715 2392; x_wconf 93' lang='grc' dir='ltr'>(Ι</span> <span class='ocrx_word' id='word_1_155' title='bbox 1747 2337 1835 2364; x_wconf 93' lang='lat'><strong><em>=</em></strong></span> <span class='ocrx_word' id='word_1_156' title='bbox 1868 2311 2017 2389; x_wconf 88' lang='lat'>810,</span> <span class='ocrx_word' id='word_1_157' title='bbox 2068 2309 2133 2374; x_wconf 90' lang='lat'>11</span> <span class='ocrx_word' id='word_1_158' title='bbox 2172 2339 2241 2360; x_wconf 57' lang='grc' dir='ltr'><strong><em>ε</em></strong></span> <span class='ocrx_word' id='word_1_159' title='bbox 2283 2311 2412 2373; x_wconf 81' lang='grc'>428</span> <span class='ocrx_word' id='word_1_160' title='bbox 2446 2309 2569 2391; x_wconf 88' lang='lat' dir='ltr'>vv.)</span> <span class='ocrx_word' id='word_1_161' title='bbox 2618 2310 2834 2374; x_wconf 88' lang='lat' dir='ltr'>nullas</span> 
     </span>
     <span class='ocr_line' id='line_1_20' title="bbox 487 2416 2833 2499; baseline 0 -18"><span class='ocrx_word' id='word_1_162' title='bbox 487 2416 643 2481; x_wconf 87' lang='lat' dir='ltr'>mihi</span> <span class='ocrx_word' id='word_1_163' title='bbox 712 2417 970 2499; x_wconf 90' lang='lat' dir='ltr'>quidem</span> <span class='ocrx_word' id='word_1_164' title='bbox 1034 2433 1292 2480; x_wconf 89' lang='lat' dir='ltr'>movere</span> <span class='ocrx_word' id='word_1_165' title='bbox 1358 2416 1613 2482; x_wconf 85' lang='lat' dir='ltr'>videtur</span> <span class='ocrx_word' id='word_1_166' title='bbox 1682 2416 2145 2494; x_wconf 83' lang='lat' dir='ltr'>dubitationes3</span> <span class='ocrx_word' id='word_1_167' title='bbox 2212 2417 2389 2480; x_wconf 91' lang='lat' dir='ltr'>cuius</span> <span class='ocrx_word' id='word_1_168' title='bbox 2447 2434 2575 2481; x_wconf 91' lang='lat' dir='ltr'>non</span> <span class='ocrx_word' id='word_1_169' title='bbox 2640 2416 2833 2481; x_wconf 90' lang='lat' dir='ltr'>modo</span> 
     </span>
     <span class='ocr_line' id='line_1_21' title="bbox 488 2519 2837 2609; baseline 0.001 -21"><span class='ocrx_word' id='word_1_170' title='bbox 488 2523 742 2590; x_wconf 88' lang='lat' dir='ltr'>initium</span> <span class='ocrx_word' id='word_1_171' title='bbox 793 2525 891 2609; x_wconf 90' lang='lat' dir='ltr'>(el.</span> <span class='ocrx_word' id='word_1_172' title='bbox 943 2523 996 2606; x_wconf 89' lang='lat' dir='ltr'>I)</span> <span class='ocrx_word' id='word_1_173' title='bbox 1047 2527 1112 2588; x_wconf 88' lang='lat' dir='ltr'>et</span> <span class='ocrx_word' id='word_1_174' title='bbox 1157 2519 1304 2588; x_wconf 89' lang='lat' dir='ltr'>finis</span> <span class='ocrx_word' id='word_1_175' title='bbox 1354 2522 1454 2606; x_wconf 90' lang='lat' dir='ltr'>(el.</span> <span class='ocrx_word' id='word_1_176' title='bbox 1490 2523 1601 2606; x_wconf 95' lang='lat' dir='ltr'>VI)</span> <span class='ocrx_word' id='word_1_177' title='bbox 1651 2523 1987 2606; x_wconf 89' lang='lat' dir='ltr'>aptissima</span> <span class='ocrx_word' id='word_1_178' title='bbox 2019 2528 2171 2589; x_wconf 89' lang='lat' dir='ltr'>sunt</span> <span class='ocrx_word' id='word_1_179' title='bbox 2202 2524 2463 2607; x_wconf 89' lang='lat' dir='ltr'>suisque</span> <span class='ocrx_word' id='word_1_180' title='bbox 2509 2523 2671 2590; x_wconf 90' lang='lat' dir='ltr'>locis</span> <span class='ocrx_word' id='word_1_181' title='bbox 2719 2544 2837 2607; x_wconf 92' lang='lat' dir='ltr'>po-</span> 
     </span>
     <span class='ocr_line' id='line_1_22' title="bbox 493 2631 2834 2715; baseline 0 -19"><span class='ocrx_word' id='word_1_182' title='bbox 493 2631 618 2696; x_wconf 89' lang='lat' dir='ltr'>sita</span> <span class='ocrx_word' id='word_1_183' title='bbox 698 2632 798 2715; x_wconf 91' lang='lat' dir='ltr'>(de</span> <span class='ocrx_word' id='word_1_184' title='bbox 856 2631 976 2696; x_wconf 90' lang='lat' dir='ltr'>hac</span> <span class='ocrx_word' id='word_1_185' title='bbox 1041 2650 1112 2696; x_wconf 88' lang='lat' dir='ltr'>re</span> <span class='ocrx_word' id='word_1_186' title='bbox 1169 2631 1298 2695; x_wconf 87' lang='lat' dir='ltr'>iam</span> <span class='ocrx_word' id='word_1_187' title='bbox 1359 2631 1489 2695; x_wconf 89' lang='lat' dir='ltr'>dixi</span> <span class='ocrx_word' id='word_1_188' title='bbox 1546 2632 1707 2696; x_wconf 88' lang='lat' dir='ltr'>alias</span> <span class='ocrx_word' id='word_1_189' title='bbox 1775 2650 1876 2695; x_wconf 91' lang='lat' dir='ltr'>me</span> <span class='ocrx_word' id='word_1_190' title='bbox 1947 2632 2370 2695; x_wconf 89' lang='lat' dir='ltr'>disserturum</span> <span class='ocrx_word' id='word_1_191' title='bbox 2442 2648 2603 2710; x_wconf 86' lang='lat' dir='ltr'>esse,</span> <span class='ocrx_word' id='word_1_192' title='bbox 2654 2631 2729 2695; x_wconf 90' lang='lat' dir='ltr'>cf.</span> <span class='ocrx_word' id='word_1_193' title='bbox 2782 2650 2834 2696; x_wconf 78' lang='lat' dir='ltr'>s,</span> 
     </span>
     <span class='ocr_line' id='line_1_23' title="bbox 490 2737 2835 2821; baseline 0 -19"><span class='ocrx_word' id='word_1_194' title='bbox 490 2758 550 2819; x_wconf 90' lang='lat' dir='ltr'>p.</span> <span class='ocrx_word' id='word_1_195' title='bbox 591 2740 694 2819; x_wconf 81' lang='lat'>26,</span> <span class='ocrx_word' id='word_1_196' title='bbox 728 2759 789 2803; x_wconf 93' lang='lat' dir='ltr'>n.</span> <span class='ocrx_word' id='word_1_197' title='bbox 833 2739 912 2821; x_wconf 88' lang='lat'>1),</span> <span class='ocrx_word' id='word_1_198' title='bbox 947 2740 1060 2803; x_wconf 90' lang='lat' dir='ltr'>sed</span> <span class='ocrx_word' id='word_1_199' title='bbox 1096 2739 1290 2803; x_wconf 88' lang='lat' dir='ltr'>etiam</span> <span class='ocrx_word' id='word_1_200' title='bbox 1323 2738 1609 2803; x_wconf 88' lang='lat' dir='ltr'>brevitas</span> <span class='ocrx_word' id='word_1_201' title='bbox 1656 2740 1799 2820; x_wconf 90' lang='lat' dir='ltr'>ipsa</span> <span class='ocrx_word' id='word_1_202' title='bbox 1828 2757 1900 2804; x_wconf 91' lang='lat' dir='ltr'>re</span> <span class='ocrx_word' id='word_1_203' title='bbox 1948 2738 2261 2820; x_wconf 87' lang='lat' dir='ltr'>probatur</span> <span class='ocrx_word' id='word_1_204' title='bbox 2309 2743 2400 2816; x_wconf 89' lang='lat' dir='ltr'>et,</span> <span class='ocrx_word' id='word_1_205' title='bbox 2450 2737 2505 2801; x_wconf 90' lang='lat' dir='ltr'>si</span> <span class='ocrx_word' id='word_1_206' title='bbox 2553 2737 2677 2801; x_wconf 91' lang='lat' dir='ltr'>hoc</span> <span class='ocrx_word' id='word_1_207' title='bbox 2722 2757 2835 2802; x_wconf 89' lang='lat' dir='ltr'>ne-</span> 
     </span>
     <span class='ocr_line' id='line_1_24' title="bbox 491 2844 2833 2927; baseline -0 -18"><span class='ocrx_word' id='word_1_208' title='bbox 491 2863 668 2911; x_wconf 86' lang='lat' dir='ltr'>cesse</span> <span class='ocrx_word' id='word_1_209' title='bbox 716 2851 836 2926; x_wconf 87' lang='lat' dir='ltr'>est,</span> <span class='ocrx_word' id='word_1_210' title='bbox 886 2847 1046 2911; x_wconf 89' lang='lat' dir='ltr'>satis</span> <span class='ocrx_word' id='word_1_211' title='bbox 1095 2851 1450 2910; x_wconf 85' lang='lat' dir='ltr'>excusatur.</span> <span class='ocrx_word' id='word_1_212' title='bbox 1546 2846 1727 2923; x_wconf 86' lang='lat' dir='ltr'>Quod</span> <span class='ocrx_word' id='word_1_213' title='bbox 1760 2846 2016 2927; x_wconf 91' lang='lat' dir='ltr'>quidem</span> <span class='ocrx_word' id='word_1_214' title='bbox 2051 2850 2392 2927; x_wconf 88' lang='lat' dir='ltr'>utrumque</span> <span class='ocrx_word' id='word_1_215' title='bbox 2429 2844 2671 2909; x_wconf 88' lang='lat' dir='ltr'>Birtius</span> <span class='ocrx_word' id='word_1_216' title='bbox 2704 2863 2833 2909; x_wconf 90' lang='lat' dir='ltr'>non</span> 
     </span>
    </p>
   </div>
   <div class='ocr_carea' id='block_1_3' title="bbox 488 2988 912 2996">
    <p class='ocr_par' dir='ltr' id='par_1_4' title="bbox 488 2988 912 2996">
     <span class='ocr_line' id='line_1_25' title="bbox 488 2988 912 2996; baseline 0 2104"><span class='ocrx_word' id='word_1_217' title='bbox 488 2988 912 2996; x_wconf 95' lang='lat' dir='ltr'> </span> 
     </span>
    </p>
   </div>
   <div class='ocr_carea' id='block_1_4' title="bbox 491 3073 2837 4305">
    <p class='ocr_par' dir='ltr' id='par_1_5' title="bbox 491 3073 2837 3681">
     <span class='ocr_line' id='line_1_26' title="bbox 633 3073 2835 3145; baseline -0.001 -17"><span class='ocrx_word' id='word_1_218' title='bbox 633 3073 679 3143; x_wconf 90' lang='lat'>¹)</span> <span class='ocrx_word' id='word_1_219' title='bbox 715 3074 790 3128; x_wconf 73' lang='lat' dir='ltr'>At</span> <span class='ocrx_word' id='word_1_220' title='bbox 824 3074 1034 3127; x_wconf 79' lang='lat' dir='ltr'>Birtius</span> <span class='ocrx_word' id='word_1_221' title='bbox 1069 3073 1190 3145; x_wconf 85' lang='grc'>(1.1.</span> <span class='ocrx_word' id='word_1_222' title='bbox 1217 3090 1269 3143; x_wconf 85' lang='lat' dir='ltr'>p.</span> <span class='ocrx_word' id='word_1_223' title='bbox 1304 3073 1450 3142; x_wconf 80' lang='lat'>156):</span> <span class='ocrx_word' id='word_1_224' title='bbox 1510 3076 1621 3137; x_wconf 80' lang='lat' dir='ltr'>„Es</span> <span class='ocrx_word' id='word_1_225' title='bbox 1655 3076 1746 3126; x_wconf 79' lang='lat' dir='ltr'>hat</span> <span class='ocrx_word' id='word_1_226' title='bbox 1781 3076 1858 3125; x_wconf 81' lang='lat' dir='ltr'>ein</span> <span class='ocrx_word' id='word_1_227' title='bbox 1896 3075 2280 3128; x_wconf 73' lang='lat' dir='ltr'>Maximalmass</span> <span class='ocrx_word' id='word_1_228' title='bbox 2316 3076 2419 3125; x_wconf 81' lang='lat' dir='ltr'>und</span> <span class='ocrx_word' id='word_1_229' title='bbox 2454 3076 2530 3125; x_wconf 77' lang='lat' dir='ltr'>ein</span> <span class='ocrx_word' id='word_1_230' title='bbox 2569 3076 2835 3126; x_wconf 74' lang='lat' dir='ltr'>Minimal·</span> 
     </span>
     <span class='ocr_line' id='line_1_27' title="bbox 491 3163 2837 3230; baseline -0 -15"><span class='ocrx_word' id='word_1_231' title='bbox 491 3184 653 3217; x_wconf 77' lang='lat' dir='ltr'>mass</span> <span class='ocrx_word' id='word_1_232' title='bbox 699 3166 787 3215; x_wconf 76' lang='lat' dir='ltr'>der</span> <span class='ocrx_word' id='word_1_233' title='bbox 833 3164 1034 3215; x_wconf 80' lang='lat' dir='ltr'>antiken</span> <span class='ocrx_word' id='word_1_234' title='bbox 1071 3164 1338 3217; x_wconf 75' lang='lat' dir='ltr'>Buchrolle</span> <span class='ocrx_word' id='word_1_235' title='bbox 1387 3167 1607 3230; x_wconf 71' lang='lat' dir='ltr'>yeqeben,</span> <span class='ocrx_word' id='word_1_236' title='bbox 1664 3164 1819 3215; x_wconf 74' lang='lat' dir='ltr'>nach</span> <span class='ocrx_word' id='word_1_237' title='bbox 1857 3163 1980 3215; x_wconf 82' lang='lat' dir='ltr'>dem</span> <span class='ocrx_word' id='word_1_238' title='bbox 2020 3164 2124 3215; x_wconf 75' lang='lat' dir='ltr'>die</span> <span class='ocrx_word' id='word_1_239' title='bbox 2162 3165 2433 3215; x_wconf 74' lang='lat' dir='ltr'>Antoren</span> <span class='ocrx_word' id='word_1_240' title='bbox 2482 3165 2615 3213; x_wconf 76' lang='lat' dir='ltr'>sich</span> <span class='ocrx_word' id='word_1_241' title='bbox 2666 3165 2837 3214; x_wconf 76' lang='lat' dir='ltr'>rich-</span> 
     </span>
     <span class='ocr_line' id='line_1_28' title="bbox 493 3250 2836 3321; baseline 0 -16"><span class='ocrx_word' id='word_1_242' title='bbox 493 3258 704 3306; x_wconf 83' lang='lat' dir='ltr'>teten.“</span> <span class='ocrx_word' id='word_1_243' title='bbox 747 3250 1180 3321; x_wconf 83' lang='lat' dir='ltr'>cf.Marqua1·dt‚</span> <span class='ocrx_word' id='word_1_244' title='bbox 1217 3250 1445 3307; x_wconf 86' lang='lat' dir='ltr'>Privatl.</span> <span class='ocrx_word' id='word_1_245' title='bbox 1476 3250 1526 3305; x_wconf 82' lang='lat' dir='ltr'>d.</span> <span class='ocrx_word' id='word_1_246' title='bbox 1555 3252 1709 3306; x_wconf 71' lang='lat' dir='ltr'>Rom.</span> <span class='ocrx_word' id='word_1_247' title='bbox 1743 3250 1912 3308; x_wconf 75' lang='lat'>18862</span> <span class='ocrx_word' id='word_1_248' title='bbox 1948 3269 2001 3321; x_wconf 89' lang='lat' dir='ltr'>p.</span> <span class='ocrx_word' id='word_1_249' title='bbox 2029 3254 2150 3308; x_wconf 79' lang='lat'>812.</span> <span class='ocrx_word' id='word_1_250' title='bbox 2225 3251 2453 3305; x_wconf 84' lang='lat' dir='ltr'>Rectius</span> <span class='ocrx_word' id='word_1_251' title='bbox 2494 3252 2709 3305; x_wconf 86' lang='lat' dir='ltr'>Mavius</span> <span class='ocrx_word' id='word_1_252' title='bbox 2747 3252 2836 3305; x_wconf 75' lang='lat' dir='ltr'>vir</span> 
     </span>
     <span class='ocr_line' id='line_1_29' title="bbox 491 3340 2835 3411; baseline -0.001 -15"><span class='ocrx_word' id='word_1_253' title='bbox 491 3341 838 3396; x_wconf 88' lang='lat' dir='ltr'>doctissimus</span> <span class='ocrx_word' id='word_1_254' title='bbox 910 3342 1064 3411; x_wconf 89' lang='lat' dir='ltr'>(ibid.</span> <span class='ocrx_word' id='word_1_255' title='bbox 1121 3343 1177 3395; x_wconf 88' lang='lat' dir='ltr'>in</span> <span class='ocrx_word' id='word_1_256' title='bbox 1250 3341 1483 3411; x_wconf 88' lang='lat' dir='ltr'>append.</span> <span class='ocrx_word' id='word_1_257' title='bbox 1541 3358 1592 3410; x_wconf 94' lang='lat' dir='ltr'>p.</span> <span class='ocrx_word' id='word_1_258' title='bbox 1639 3341 1767 3410; x_wconf 91' lang='grc'>886)</span> <span class='ocrx_word' id='word_1_259' title='bbox 1817 3340 2070 3411; x_wconf 83' lang='lat' dir='ltr'>Haennyi</span> <span class='ocrx_word' id='word_1_260' title='bbox 2133 3340 2519 3395; x_wconf 83' lang='lat' dir='ltr'>dissertatione</span> <span class='ocrx_word' id='word_1_261' title='bbox 2576 3340 2835 3409; x_wconf 83' lang='lat' dir='ltr'>(Schrift-</span> 
     </span>
     <span class='ocr_line' id='line_1_30' title="bbox 496 3429 2835 3499; baseline -0.001 -14"><span class='ocrx_word' id='word_1_262' title='bbox 496 3431 686 3485; x_wconf 88' lang='lat' dir='ltr'>steller</span> <span class='ocrx_word' id='word_1_263' title='bbox 722 3431 832 3484; x_wconf 88' lang='lat' dir='ltr'>und</span> <span class='ocrx_word' id='word_1_264' title='bbox 871 3430 1260 3485; x_wconf 67' lang='lat' dir='ltr'>Buchhandler</span> <span class='ocrx_word' id='word_1_265' title='bbox 1294 3431 1368 3484; x_wconf 89' lang='lat' dir='ltr'>im</span> <span class='ocrx_word' id='word_1_266' title='bbox 1418 3429 1566 3485; x_wconf 84' lang='lat' dir='ltr'>alten</span> <span class='ocrx_word' id='word_1_267' title='bbox 1614 3430 1768 3498; x_wconf 86' lang='lat' dir='ltr'>Rom,</span> <span class='ocrx_word' id='word_1_268' title='bbox 1820 3431 2007 3499; x_wconf 76' lang='lat' dir='ltr'>Lips.²</span> <span class='ocrx_word' id='word_1_269' title='bbox 2041 3432 2197 3494; x_wconf 83' lang='grc'>1885)</span> <span class='ocrx_word' id='word_1_270' title='bbox 2240 3431 2391 3485; x_wconf 85' lang='grc'>1110110</span> <span class='ocrx_word' id='word_1_271' title='bbox 2438 3446 2703 3484; x_wconf 86' lang='lat' dir='ltr'>summam</span> <span class='ocrx_word' id='word_1_272' title='bbox 2750 3432 2835 3483; x_wconf 87' lang='lat' dir='ltr'>rei</span> 
     </span>
     <span class='ocr_line' id='line_1_31' title="bbox 493 3518 2837 3590; baseline -0 -16"><span class='ocrx_word' id='word_1_273' title='bbox 493 3522 728 3590; x_wconf 84' lang='lat' dir='ltr'>exponit,</span> <span class='ocrx_word' id='word_1_274' title='bbox 770 3521 1064 3590; x_wconf 80' lang='lat' dir='ltr'>scriptores</span> <span class='ocrx_word' id='word_1_275' title='bbox 1103 3537 1211 3574; x_wconf 90' lang='lat' dir='ltr'>non</span> <span class='ocrx_word' id='word_1_276' title='bbox 1259 3520 1397 3574; x_wconf 89' lang='lat' dir='ltr'>certi</span> <span class='ocrx_word' id='word_1_277' title='bbox 1445 3520 1681 3574; x_wconf 81' lang='lat' dir='ltr'>ambitus</span> <span class='ocrx_word' id='word_1_278' title='bbox 1730 3519 1991 3573; x_wconf 84' lang='lat' dir='ltr'>volumini</span> <span class='ocrx_word' id='word_1_279' title='bbox 2039 3518 2334 3573; x_wconf 81' lang='lat' dir='ltr'>adstrictos</span> <span class='ocrx_word' id='word_1_280' title='bbox 2367 3519 2567 3587; x_wconf 75' lang='lat' dir='ltr'>fuisse,</span> <span class='ocrx_word' id='word_1_281' title='bbox 2618 3519 2714 3574; x_wconf 85' lang='lat' dir='ltr'>sed</span> <span class='ocrx_word' id='word_1_282' title='bbox 2764 3520 2837 3573; x_wconf 85' lang='lat' dir='ltr'>ad</span> 
     </span>
     <span class='ocr_line' id='line_1_32' title="bbox 491 3608 2107 3681; baseline 0 -16"><span class='ocrx_word' id='word_1_283' title='bbox 491 3628 606 3666; x_wconf 89' lang='lat' dir='ltr'>rem</span> <span class='ocrx_word' id='word_1_284' title='bbox 646 3627 806 3681; x_wconf 86' lang='lat' dir='ltr'>quam</span> <span class='ocrx_word' id='word_1_285' title='bbox 842 3610 1159 3664; x_wconf 81' lang='lat' dir='ltr'>tractabant</span> <span class='ocrx_word' id='word_1_286' title='bbox 1195 3612 1507 3679; x_wconf 83' lang='lat' dir='ltr'>spectantes</span> <span class='ocrx_word' id='word_1_287' title='bbox 1546 3609 1715 3663; x_wconf 87' lang='lat' dir='ltr'>libros</span> <span class='ocrx_word' id='word_1_288' title='bbox 1754 3608 2107 3665; x_wconf 86' lang='lat' dir='ltr'>conclusisse.</span> 
     </span>
    </p>

    <p class='ocr_par' dir='ltr' id='par_1_6' title="bbox 492 3695 2836 4305">
     <span class='ocr_line' id='line_1_33' title="bbox 637 3695 2835 3771; baseline -0.001 -18"><span class='ocrx_word' id='word_1_289' title='bbox 637 3699 686 3771; x_wconf 80' lang='grc'>2)</span> <span class='ocrx_word' id='word_1_290' title='bbox 724 3700 842 3753; x_wconf 91' lang='grc' dir='ltr'>Ηο0</span> <span class='ocrx_word' id='word_1_291' title='bbox 880 3700 1192 3755; x_wconf 82' lang='lat' dir='ltr'>acutissime</span> <span class='ocrx_word' id='word_1_292' title='bbox 1218 3702 1281 3753; x_wconf 89' lang='lat' dir='ltr'>ut</span> <span class='ocrx_word' id='word_1_293' title='bbox 1305 3698 1445 3753; x_wconf 89' lang='lat' dir='ltr'>solet</span> <span class='ocrx_word' id='word_1_294' title='bbox 1471 3698 1661 3753; x_wconf 88' lang='lat' dir='ltr'>docuit</span> <span class='ocrx_word' id='word_1_295' title='bbox 1683 3698 1961 3754; x_wconf 85' lang='lat' dir='ltr'>Vahlenus</span> <span class='ocrx_word' id='word_1_296' title='bbox 1987 3698 2381 3768; x_wconf 86' lang='lat' dir='ltr'>(Sitzungsber.</span> <span class='ocrx_word' id='word_1_297' title='bbox 2412 3698 2460 3751; x_wconf 87' lang='lat' dir='ltr'>d.</span> <span class='ocrx_word' id='word_1_298' title='bbox 2488 3695 2629 3750; x_wconf 88' lang='lat' dir='ltr'>Berl.</span> <span class='ocrx_word' id='word_1_299' title='bbox 2662 3696 2835 3752; x_wconf 77' lang='lat' dir='ltr'>Akad.</span> 
     </span>
     <span class='ocr_line' id='line_1_34' title="bbox 497 3786 2835 3860; baseline -0.004 -13"><span class='ocrx_word' id='word_1_300' title='bbox 497 3794 651 3858; x_wconf 83' lang='lat'>1882,</span> <span class='ocrx_word' id='word_1_301' title='bbox 689 3808 741 3860; x_wconf 92' lang='lat' dir='ltr'>p.</span> <span class='ocrx_word' id='word_1_302' title='bbox 770 3792 912 3859; x_wconf 85' lang='lat'>279).</span> <span class='ocrx_word' id='word_1_303' title='bbox 974 3788 1254 3853; x_wconf 79' lang='lat' dir='ltr'>Quomodo</span> <span class='ocrx_word' id='word_1_304' title='bbox 1293 3789 1496 3858; x_wconf 88' lang='lat' dir='ltr'>optime</span> <span class='ocrx_word' id='word_1_305' title='bbox 1522 3804 1881 3859; x_wconf 85' lang='lat' dir='ltr'>quaecunque</span> <span class='ocrx_word' id='word_1_306' title='bbox 1906 3788 2105 3855; x_wconf 87' lang='lat' dir='ltr'>critici,</span> <span class='ocrx_word' id='word_1_307' title='bbox 2142 3787 2240 3841; x_wconf 91' lang='lat' dir='ltr'>alii</span> <span class='ocrx_word' id='word_1_308' title='bbox 2272 3786 2396 3853; x_wconf 83' lang='lat' dir='ltr'>alia,</span> <span class='ocrx_word' id='word_1_309' title='bbox 2435 3786 2502 3839; x_wconf 87' lang='lat' dir='ltr'>de</span> <span class='ocrx_word' id='word_1_310' title='bbox 2526 3786 2657 3839; x_wconf 86' lang='lat' dir='ltr'>libri</span> <span class='ocrx_word' id='word_1_311' title='bbox 2694 3786 2835 3840; x_wconf 88' lang='lat' dir='ltr'>inte-</span> 
     </span>
     <span class='ocr_line' id='line_1_35' title="bbox 494 3877 2836 3949; baseline -0.003 -15"><span class='ocrx_word' id='word_1_312' title='bbox 494 3881 698 3949; x_wconf 84' lang='lat' dir='ltr'>gritate</span> <span class='ocrx_word' id='word_1_313' title='bbox 737 3879 1052 3933; x_wconf 85' lang='lat' dir='ltr'>dubitantes</span> <span class='ocrx_word' id='word_1_314' title='bbox 1078 3878 1384 3934; x_wconf 81' lang='lat' dir='ltr'>attulerunt</span> <span class='ocrx_word' id='word_1_315' title='bbox 1420 3878 1749 3933; x_wconf 82' lang='lat' dir='ltr'>refutantur.</span> <span class='ocrx_word' id='word_1_316' title='bbox 1810 3877 1891 3931; x_wconf 87' lang='lat' dir='ltr'>Ac</span> <span class='ocrx_word' id='word_1_317' title='bbox 1915 3878 2094 3932; x_wconf 87' lang='lat' dir='ltr'>Birtio</span> <span class='ocrx_word' id='word_1_318' title='bbox 2134 3878 2227 3947; x_wconf 92' lang='lat' dir='ltr'>qui</span> <span class='ocrx_word' id='word_1_319' title='bbox 2264 3878 2383 3946; x_wconf 88' lang='lat' dir='ltr'>ipse</span> <span class='ocrx_word' id='word_1_320' title='bbox 2418 3891 2617 3930; x_wconf 82' lang='lat' dir='ltr'>novam</span> <span class='ocrx_word' id='word_1_321' title='bbox 2652 3880 2836 3929; x_wconf 86' lang='lat' dir='ltr'>vetus-</span> 
     </span>
     <span class='ocr_line' id='line_1_36' title="bbox 492 3964 2833 4041; baseline -0.003 -18"><span class='ocrx_word' id='word_1_322' title='bbox 492 3970 724 4024; x_wconf 86' lang='lat' dir='ltr'>tioribus</span> <span class='ocrx_word' id='word_1_323' title='bbox 763 3969 965 4023; x_wconf 84' lang='lat' dir='ltr'>adiecit</span> <span class='ocrx_word' id='word_1_324' title='bbox 1002 3970 1369 4024; x_wconf 88' lang='lat' dir='ltr'>coniecturam</span> <span class='ocrx_word' id='word_1_325' title='bbox 1404 3967 1458 4041; x_wconf 88' lang='lat' dir='ltr'>(l.</span> <span class='ocrx_word' id='word_1_326' title='bbox 1488 3968 1524 4024; x_wconf 93' lang='lat' dir='ltr'>l.</span> <span class='ocrx_word' id='word_1_327' title='bbox 1550 3986 1603 4039; x_wconf 93' lang='lat' dir='ltr'>p.</span> <span class='ocrx_word' id='word_1_328' title='bbox 1624 3968 1754 4037; x_wconf 83' lang='lat'><strong>413)</strong></span> <span class='ocrx_word' id='word_1_329' title='bbox 1789 3983 1900 4021; x_wconf 89' lang='lat' dir='ltr'>non</span> <span class='ocrx_word' id='word_1_330' title='bbox 1938 3967 2232 4035; x_wconf 87' lang='lat' dir='ltr'>contigisse</span> <span class='ocrx_word' id='word_1_331' title='bbox 2268 3970 2332 4019; x_wconf 91' lang='lat' dir='ltr'>ut</span> <span class='ocrx_word' id='word_1_332' title='bbox 2365 3965 2565 4020; x_wconf 90' lang='lat' dir='ltr'>librum</span> <span class='ocrx_word' id='word_1_333' title='bbox 2602 3964 2662 4017; x_wconf 90' lang='lat' dir='ltr'>in</span> <span class='ocrx_word' id='word_1_334' title='bbox 2700 3964 2833 4017; x_wconf 83' lang='lat' dir='ltr'>duas</span> 
     </span>
     <span class='ocr_line' id='line_1_37' title="bbox 492 4052 2833 4130; baseline -0.003 -17"><span class='ocrx_word' id='word_1_335' title='bbox 492 4062 678 4130; x_wconf 87' lang='lat' dir='ltr'>partes</span> <span class='ocrx_word' id='word_1_336' title='bbox 718 4057 1068 4112; x_wconf 85' lang='lat' dir='ltr'>dividendum</span> <span class='ocrx_word' id='word_1_337' title='bbox 1107 4074 1225 4111; x_wconf 89' lang='lat' dir='ltr'>esse</span> <span class='ocrx_word' id='word_1_338' title='bbox 1260 4057 1534 4127; x_wconf 85' lang='lat' dir='ltr'>probaret,</span> <span class='ocrx_word' id='word_1_339' title='bbox 1573 4060 1723 4112; x_wconf 89' lang='lat' dir='ltr'>recte</span> <span class='ocrx_word' id='word_1_340' title='bbox 1764 4057 2013 4126; x_wconf 85' lang='lat' dir='ltr'>exposuit</span> <span class='ocrx_word' id='word_1_341' title='bbox 2048 4054 2337 4109; x_wconf 84' lang='lat' dir='ltr'>Reischius</span> <span class='ocrx_word' id='word_1_342' title='bbox 2370 4054 2455 4107; x_wconf 86' lang='lat' dir='ltr'>vir</span> <span class='ocrx_word' id='word_1_343' title='bbox 2482 4052 2833 4107; x_wconf 83' lang='lat' dir='ltr'>doctissimus</span> 
     </span>
     <span class='ocr_line' id='line_1_38' title="bbox 493 4142 2832 4219; baseline -0.003 -16"><span class='ocrx_word' id='word_1_344' title='bbox 493 4148 664 4219; x_wconf 87' lang='grc'>(1.1.)·,</span> <span class='ocrx_word' id='word_1_345' title='bbox 709 4148 801 4217; x_wconf 89' lang='lat' dir='ltr'>(cf.</span> <span class='ocrx_word' id='word_1_346' title='bbox 827 4147 1051 4215; x_wconf 76' lang='lat' dir='ltr'>PlessiS,</span> <span class='ocrx_word' id='word_1_347' title='bbox 1097 4146 1136 4201; x_wconf 91' lang='lat' dir='ltr'>l.</span> <span class='ocrx_word' id='word_1_348' title='bbox 1161 4146 1193 4200; x_wconf 90' lang='lat' dir='ltr'>l.</span> <span class='ocrx_word' id='word_1_349' title='bbox 1225 4164 1279 4216; x_wconf 89' lang='lat' dir='ltr'>p.</span> <span class='ocrx_word' id='word_1_350' title='bbox 1312 4150 1426 4215; x_wconf 78' lang='lat'>112,</span> <span class='ocrx_word' id='word_1_351' title='bbox 1451 4164 1502 4201; x_wconf 91' lang='lat' dir='ltr'>n.</span> <span class='ocrx_word' id='word_1_352' title='bbox 1535 4147 1629 4216; x_wconf 89' lang='lat'>1.);</span> <span class='ocrx_word' id='word_1_353' title='bbox 1678 4148 1787 4200; x_wconf 89' lang='lat' dir='ltr'>iam</span> <span class='ocrx_word' id='word_1_354' title='bbox 1832 4162 2112 4215; x_wconf 86' lang='lat' dir='ltr'>speramus</span> <span class='ocrx_word' id='word_1_355' title='bbox 2160 4145 2306 4197; x_wconf 85' lang='lat' dir='ltr'>viros</span> <span class='ocrx_word' id='word_1_356' title='bbox 2355 4143 2544 4197; x_wconf 89' lang='lat' dir='ltr'>doctos</span> <span class='ocrx_word' id='word_1_357' title='bbox 2583 4159 2617 4197; x_wconf 88' lang='lat' dir='ltr'>a</span> <span class='ocrx_word' id='word_1_358' title='bbox 2656 4142 2832 4196; x_wconf 86' lang='lat' dir='ltr'>Lach-</span> 
     </span>
     <span class='ocr_line' id='line_1_39' title="bbox 494 4236 1828 4305; baseline -0.002 -13"><span class='ocrx_word' id='word_1_359' title='bbox 494 4238 678 4292; x_wconf 86' lang='lat' dir='ltr'>manni</span> <span class='ocrx_word' id='word_1_360' title='bbox 715 4237 989 4291; x_wconf 86' lang='lat' dir='ltr'>sententia</span> <span class='ocrx_word' id='word_1_361' title='bbox 1023 4236 1308 4305; x_wconf 85' lang='lat' dir='ltr'>paullatim</span> <span class='ocrx_word' id='word_1_362' title='bbox 1345 4252 1657 4291; x_wconf 84' lang='lat' dir='ltr'>recessuros</span> <span class='ocrx_word' id='word_1_363' title='bbox 1696 4251 1828 4289; x_wconf 87' lang='lat' dir='ltr'>esse.</span> 
     </span>
    </p>
   </div>
   <div class='ocr_carea' id='block_1_5' title="bbox 3061 0 3075 5070">
    <p class='ocr_par' dir='ltr' id='par_1_7' title="bbox 3061 0 3075 5070">
     <span class='ocr_line' id='line_1_40' title="bbox 3061 0 3075 5070; baseline 0 0"><span class='ocrx_word' id='word_1_364' title='bbox 3061 0 3075 5070; x_wconf 95' lang='lat' dir='ltr'> </span> 
     </span>
    </p>
   </div>
  </div>
 </body>
</html>
