3075 5100
501 310 584 372 66

501 503 610 549 sus
658 490 760 548 est
807 503 1026 550 amore
1073 482 1262 563 fingit
1307 482 1441 546 acri
1491 487 1559 547 et
1606 482 1857 548 intento
1906 483 2117 546 animo
2153 483 2272 565 (vv.
2312 486 2600 566 21--34)
2649 488 2867 566 atque

499 591 752 673 singula
797 590 1128 655 illustrans
1177 589 1314 654 vult
1363 588 1611 654 Deliam
1658 589 1851 654 rebus
1896 589 2266 654 domesticis
2314 607 2619 670 praeesse
2670 591 2855 655 eius·

500 716 625 779 que
673 697 943 762 arbitrio
991 696 1206 762 omnia
1253 695 1410 778 geri,
1475 713 1617 760 cum
1675 695 1815 777 ipse
1870 695 2032 760 nihil
2080 695 2147 759 in
2203 696 2391 761 domo
2451 715 2593 762 esse
2640 696 2861 762 malit.

501 803 676 882 Quae
723 803 980 885 quidem
1027 803 1241 882 verba,
1292 803 1348 866 si
1397 800 1833 866 condicionem
1882 820 2009 884 qua
2058 807 2396 867 moventur
2441 804 2861 885 respicimuS‚

503 911 746 992 optime
793 908 1264 990 intelliguntur.
1359 906 1486 973 Sed
1544 908 1818 988 mireriS,
1871 908 2039 990 quod
2095 907 2257 974 haec
2312 929 2541 990 parum
2596 915 2863 976 mutata

502 1035 642 1082 cum
690 1036 768 1082 ea
813 1035 980 1099 quae
1027 1015 1353 1080 antecedit
1412 1015 1737 1080 sententia
1796 1015 2145 1081 Nemeseos
2205 1015 2314 1098 qui
2370 1014 2567 1080 fuerit
2627 1015 2695 1080 in
2747 1017 2860 1080 Ti-

498 1122 744 1188 bullum
815 1141 1010 1204 asper
1077 1140 1259 1186 amor
1319 1121 1664 1187 exhibente
1724 1121 2083 1186 hexametri
2140 1122 2460 1188 Martialis
2519 1121 2659 1186 sine
2716 1122 2861 1186 ulla

499 1230 906 1296 dubitatione
953 1229 1298 1294 coniunxit.
1373 1229 1557 1307 Quod
1601 1233 1815 1294 utrum
1860 1233 2104 1294 temere
2150 1227 2378 1295 fecerit
2425 1247 2506 1294 an
2554 1229 2857 1294 consulto

441 1363 448 1368 ·
499 1327 851 1418 quaeritur.
927 1337 1136 1418 Atque
1167 1336 1706 1402 Friedlaenderus
1738 1337 1837 1402 vir
1868 1337 2277 1404 doctissimus
2312 1337 2393 1400 ad
2423 1336 2485 1400 h.
2522 1335 2563 1401 l.
2592 1335 2662 1420 (l.
2688 1335 2735 1400 l.
2764 1337 2851 1410 II,

499 1461 560 1524 p.
607 1443 764 1518 339)
835 1445 1132 1509 adnotat:
1207 1443 1519 1517 „Martial
1588 1443 1692 1506 hat
1761 1443 1895 1506 hier
1950 1441 2233 1507 Nemesis
2294 1443 2407 1506 mit
2460 1442 2659 1506 Delia
2712 1467 2853 1508 ver-

504 1550 840 1616 weckselt‘fi
955 1549 1093 1616 Iam
1150 1550 1625 1615 concedendum
1683 1554 1783 1614 est
1839 1548 2203 1614 Martialem
2260 1553 2334 1613 ut
2386 1546 2852 1614 facetissimum

507 1658 600 1722 ita
657 1656 1242 1738 ingeniosissimum
1301 1660 1560 1738 poetam
1630 1673 1819 1736 quem
1866 1655 2242 1738 Lessingius
2302 1660 2523 1721 noster
2582 1657 2851 1738 plurimi

501 1763 934 1843 aestimavit¹)
987 1762 1452 1845 epigrammata
1497 1761 1659 1828 haec
1708 1797 1789 1808 -
1840 1760 2241 1843 apophoreta
2287 1798 2349 1827 -,-
2409 1762 2659 1828 minuta
2708 1763 2850 1828 sine

500 1888 732 1951 magno
781 1869 1004 1934 labore
1051 1869 1418 1950 scripsisse3
1467 1868 1583 1934 sed
1631 1873 1885 1934 tantum
1932 1869 2163 1934 aberat
2206 1872 2280 1932 ut
2325 1872 2569 1935 temere
2602 1870 2851 1952 aliquid

497 1977 745 2041 diceret
791 1976 893 2042 vel
943 1993 1421 2058 supervacanea
1466 1976 1551 2040 ad
1598 1993 1851 2041 versum
1886 1975 2308 2040 claudendum
2339 1974 2742 2058 relinqueret
2776 1983 2847 2042 ut

498 2084 976 2164 perpensitaret
1052 2081 1330 2150 disticha
1397 2101 1524 2165 quo
1598 2081 1835 2148 certius
1913 2081 2085 2164 quod
2161 2082 2474 2162 petebant
2551 2080 2843 2148 ferirent.

497 2189 790 2272 Namque
836 2191 997 2256 haec
1045 2194 1146 2255 est
1181 2194 1416 2254 natura
1449 2189 1953 2271 epigrammatis,
1988 2192 2061 2253 ut
2090 2188 2272 2254 brevi
2304 2187 2547 2254 formae
2579 2207 2845 2271 respon-

498 2298 650 2363 deat
695 2299 838 2380 ipsa
885 2297 1208 2363 sententia
1255 2303 1440 2362 acute
1497 2301 1563 2360 et
1612 2297 1917 2362 concinne
1964 2296 2155 2360 dicta.
2277 2295 2489 2372 Quare
2546 2314 2679 2360 non
2738 2297 2846 2361 ad·

497 2403 773 2485 stipulor
819 2403 1340 2484 Friedlaender0‚
1390 2408 1647 2484 poetam
1699 2421 1842 2468 eum
1897 2403 1961 2468 in
2012 2421 2201 2484 quem
2247 2402 2485 2467 mirum
2532 2408 2846 2484 quantum

498 2510 735 2575 cadunt
781 2509 1063 2576 Senecae
1111 2511 1225 2576 illa
1271 2533 1395 2575 non
1442 2535 1481 2575 a
1529 2511 1787 2575 summis
1836 2510 2033 2574 labris
2078 2510 2201 2576 ista,
2246 2521 2557 2584 venerunt,
2624 2511 2847 2577 habent

496 2618 609 2681 hae
655 2640 824 2682 voce-s
855 2620 1366 2705 fundamentum,
1405 2618 1541 2683 sive
1575 2618 1947 2699 ignorantia
1988 2618 2125 2683 sive
2156 2616 2555 2699 negligentia
2588 2622 2845 2699 captum

496 2724 816 2789 Nemesim
882 2744 1000 2807 pro
1061 2724 1252 2791 Delia
1312 2742 1595 2805 vocasse,
1668 2723 2199 2806 exploratumque
2272 2724 2478 2789 habeo
2552 2725 2845 2788 consulto

495 2830 860 2898 Martialem
910 2851 1076 2915 quae
1121 2833 1203 2897 ad
1249 2832 1500 2897 Deliam
1552 2832 1703 2897 olim
1750 2830 2097 2896 rettulerat
2131 2830 2422 2897 Tibullus
2457 2829 2720 2895 Nemesi
2770 2848 2845 2894 ea

494 2938 581 3017 tri
674 2940 818 3019 ’sse‚
856 2959 981 3005 non
1020 2941 1244 3006 eodem
1293 2940 1549 3021 quidem
1596 2938 1784 3003 modo
1842 2939 1959 3003 sed
2002 2938 2303 3003 similiter
2335 2956 2409 3002 ac
2458 2955 2657 3018 supra
2688 2938 2848 3002 vidi-

490 3064 630 3111 mus
665 3047 786 3112 Ovi
994 3048 1061 3111 in
1096 3046 1383 3128 epicedio
1420 3047 1593 3128 quod
1630 3045 1921 3111 Tibullus
1953 3045 2033 3110 de
2068 3045 2254 3110 Delia
2304 3045 2593 3125 cogitans
2637 3045 2841 3126 scrip-

494 3156 669 3217 serat
705 3153 770 3217 id
803 3153 1130 3221 Nemesim
1317 3154 1330 3165 ’
1379 3158 1555 3217 ntem
1590 3150 1843 3217 fecisse.
1927 3151 2217 3233 Namque
2252 3152 2443 3217 credo
2474 3150 2845 3215 Martialem

493 3255 666 3322 haud
689 3258 1090 3341 ignoravisse
1114 3262 1226 3327 ubi
1252 3264 1543 3330 Tibullus
1612 3286 1731 3333 anc
1759 3258 2565 3347 εὲᾖῖεὲῆῇἰῆιᾞέβΐῑᾨὲῑὸὃθῐ·
2615 3256 2845 3322 Albius

492 3362 642 3427 olim
691 3383 970 3431 summas
1017 3385 1306 3433 amorum
1355 3370 1619 3437 delicias
1677 3373 1927 3455 fingens
1974 3374 2201 3441 Deliae
2227 3352 2228 3357 ἵ
2259 3396 2295 3441 o
2412 3366 2475 3429 ia
2531 3364 2845 3429 committi

489 3469 826 3553 ipsumque
857 3473 1014 3537 nihil
1042 3476 1111 3539 in
1143 3476 1324 3541 domo
1357 3500 1480 3543 esse
1509 3478 1832 3560 voluerat3
1867 3500 1996 3563 qua
2030 3359 2716 3673 senteQialiS
2751 3471 2845 3534 ita

487 3575 698 3641 utitur
741 3583 814 3642 ut
861 3598 1112 3645 sensum
1165 3588 1383 3665 aptum
1434 3583 1720 3651 efficeret
1752 3586 1853 3669 (ut
1886 3607 1925 3653 a
1971 3593 2382 3670 pentametro
2432 3608 2510 3671 pr
2560 3574 2844 3658 fiCiSGal')
3020 3501 3035 3679 i

485 3680 684 3749 hunc:
717 3684 906 3764 „olim
936 3687 1224 3754 Tibullus
1257 3726 1328 3737 -
1361 3709 1502 3757 cum
1527 3692 1755 3757 Deliae
1779 3694 2145 3777 aegrotanti
2171 3696 2432 3759 adesset
2454 3732 2519 3739 ——
2557 3684 2633 3797 Ne
2658 3684 2843 3749 domo

485 3787 644 3853 nihil
705 3810 847 3857 esse
893 3793 1117 3876 voluit,
1167 3797 1399 3863 deinde
1445 3797 1568 3863 hoc
1614 3799 1845 3881 ipsum,
1906 3802 2019 3867 sed
2069 3801 2321 3882 acerbe,
2383 3790 2844 4189 acciditK}ia
3014 3792 3035 3929 ⁴

487 3900 700 3961 autem
736 3918 878 3964 eum
909 3901 1095 3982 ussit,
1134 3902 1425 3969 Nemesis
1450 3904 1709 3985 lasciva,
1742 3906 1837 3972 ita
1874 3912 1945 3971 ut
1980 3908 2180 3989 (quod
2212 3906 2495 3972 fortasse
2527 3910 2646 3974 sub
2733 3896 2842 3962 tel-

483 4002 741 4087 lexeris)
765 4005 908 4088 ipse
929 4027 1048 4089 pro
1075 4009 1274 4075 nihilo
1310 4016 1670 4091 putaretur.
1682 4015 1712 4044 “
1774 4013 2096 4079 Videlicet
2118 4014 2228 4097 qui
2253 4014 2375 4079 hoc
2405 4017 2541 4078 tum
2574 4013 2685 4097 leg
2779 4007 2839 4067 at

626 4233 673 4301 ¹)
710 4234 1147 4303 Abhandlungen
1171 4237 1308 4291 iiber
1339 4238 1434 4292 das
1462 4239 1798 4309 Epigramm,
1825 4241 1929 4295 ΙΙΙ.
1989 4242 2089 4295 Bd.
2120 4241 2169 4295 X
2192 4258 2249 4311 p.
2281 4244 2382 4299 137
2404 4258 2523 4311 sqq.
2544 4204 2932 4381 (Hampefflk
3021 4272 3035 4325 f
