3075 5100
515 355 594 416 16

509 547 650 593 esse
725 529 805 594 de
874 533 1162 592 amatore
1236 530 1533 610 quodam,
1607 528 1805 593 divite
1872 527 2149 594 fortasse
2230 529 2455 593 eodem
2528 531 2639 611 qui
2710 531 2849 611 ipse

509 635 885 718 occurritin
918 653 970 700 c.
1004 635 1080 715 V,
1133 635 1233 699 cui
1280 635 1408 698 iam
1459 638 1597 699 tum
1646 635 1834 700 Delia
1880 654 1951 701 se
1999 635 2372 716 dedidisset,
2422 637 2850 718 probabiliter

509 741 827 822 statuit¹).

683 847 821 911 Iam
881 848 1141 912 videtur
1199 847 1511 927 expositis
1569 847 1671 911 his
1736 851 2033 913 constare
2090 867 2141 912 c.
2190 848 2288 912 III
2343 849 2523 929 prius
2598 867 2742 914 esse
2796 851 2842 913 I.

505 951 598 1016 Ac
645 952 700 1016 si
749 953 893 1034 quis
943 953 1200 1018 dubitat
1247 955 1327 1016 de
1375 950 1587 1031 rebuS,
1639 953 1719 1017 de
1765 951 2027 1019 fictione
2082 954 2403 1019 immerito
2453 955 2845 1023 dubitaverit

507 1076 698 1139 quam
745 1058 887 1124 luce
937 1060 1172 1125 clarius
1223 1064 1322 1124 est
1371 1077 1513 1124 eam
1562 1077 1704 1124 esse
1752 1060 1818 1124 in
1866 1060 1914 1140 I,
1965 1065 2037 1125 ut
2078 1079 2241 1142 quae
2288 1061 2354 1125 in
2400 1061 2498 1125 111
2542 1061 2844 1141 leguntur

507 1183 584 1228 ea
630 1165 756 1229 iam
806 1166 1050 1247 scripta
1101 1185 1244 1232 esse
1293 1170 1649 1230 sumantur.

684 1272 810 1338 Sed
862 1273 1064 1337 multo
1121 1273 1350 1338 maiori
1417 1270 1754 1337 offensioni
1813 1277 1914 1338 est
1968 1275 2140 1357 quod
2195 1273 2628 1339 Baehrensius
2677 1273 2845 1338 inter

507 1395 594 1442 cc.
626 1378 659 1443 I
713 1385 781 1443 et
837 1379 932 1444 ΙΙΙ
984 1379 1310 1460 interponi
1367 1378 1550 1443 iubet
1598 1397 1650 1443 c.
1686 1378 1769 1441 11.
1874 1377 2081 1456 Quid?
2140 1375 2414 1456 elegiam
2460 1375 2543 1454 11,
2600 1376 2671 1440 in
2720 1393 2842 1457 qua

503 1489 772 1567 nuptam
802 1486 1057 1550 Deliam
1106 1486 1369 1567 depingi
1417 1489 1608 1568 patet
1653 1485 2057 1567 legimusque
2090 1482 2389 1548 custodes
2422 1481 2671 1562 positos
2706 1499 2844 1545 esse

505 1609 543 1654 a
603 1593 838 1657 marito
897 1592 1146 1658 scilicet
1203 1590 1309 1672 (cf.
1346 1611 1443 1656 vv.
1483 1591 1543 1672 5,
1593 1590 1700 1671 15)
1758 1589 2027 1656 absente
2084 1591 2169 1671 (v.
2208 1589 2289 1653 65
2326 1585 2562 1670 sqq.)²)
2622 1587 2720 1652 ita
2771 1591 2843 1651 ut

501 1715 583 1762 ne
631 1699 1017 1764 admittatur
1064 1698 1322 1780 quidem
1373 1697 1664 1762 Tibullus
1713 1697 1797 1762 ad
1845 1697 2099 1760 domum
2149 1697 2371 1761 adiens
2419 1695 2843 1785 precibusque

500 1803 745 1870 frustra
791 1805 1096 1870 adhibitis
1147 1809 1517 1870 exsecretur
1566 1809 1651 1884 (v.
1689 1806 1725 1867 7
1762 1805 1933 1886 sqq.)
1981 1803 2079 1867 ira
2125 1804 2447 1882 incensus,
2510 1803 2840 1868 credamus

502 1911 725 1975 ordine
782 1916 1146 1993 temporum
1203 1910 1490 1992 priorem
1548 1927 1690 1975 esse
1744 1909 1843 1974 111
1904 1910 2326 1976 suavissima?
2438 1908 2641 1974 Immo
2700 1925 2842 1972 con-

502 2016 785 2082 diciones
856 2018 1244 2082 diversiores
1313 2020 1464 2080 sunt
1528 2034 1720 2097 quam
1782 2021 1855 2080 ut
1915 2016 2019 2080 hic
2078 2017 2234 2081 ordo
2302 2017 2337 2079 I
2382 2015 2445 2078 11
2490 2014 2587 2078 III
2644 2013 2839 2080 statui

501 2121 709 2202 possit
725 2119 794 2204 3),
829 2129 895 2188 et
929 2123 1200 2204 elegiam
1247 2122 1312 2187 11
1358 2122 1784 2202 posteriorem
1828 2139 1971 2188 esse
2004 2122 2376 2189 condicione
2408 2141 2538 2188 non
2569 2122 2758 2187 modo
2790 2119 2837 2198 1,

500 2227 616 2292 sed
663 2229 858 2293 etiam
904 2229 962 2293 V
1000 2265 1074 2274 -
1116 2229 1286 2311 quod
1334 2229 1398 2293 in
1446 2233 1825 2295 transcursu
1857 2263 1945 2274 —
1976 2232 2268 2310 apparet.

681 2334 864 2411 Quod
911 2335 967 2400 si
1025 2338 1284 2400 constat
1339 2333 1583 2415 elegias
1632 2332 1664 2396 I
1693 2332 1757 2396 II
1788 2331 1885 2396 111
1928 2333 2051 2397 hoc
2108 2333 2331 2399 ordine
2378 2333 2655 2415 scriptas
2716 2351 2839 2396 non

503 2458 666 2522 esse,
717 2459 858 2505 cum
904 2440 1288 2522 praesertim
1331 2440 1401 2504 11
1449 2441 1515 2503 in
1565 2457 1691 2520 qua
1738 2444 1940 2520 nupta
1971 2440 2159 2506 Delia
2207 2444 2501 2506 occurrat
2546 2438 2628 2504 ad
2676 2441 2839 2502 hunc
2874 2487 2881 2494 .

501 2566 806 2613 conexum
854 2548 1113 2613 minime
1146 2549 1438 2630 quadret,
1473 2545 1851 2611 Baehrensii
1883 2548 2249 2612 coniectura
2278 2548 2469 2629 plane
2502 2544 2833 2612 refellitur.

499 2656 758 2720 Etenim
813 2674 955 2719 cum
1012 2674 1128 2737 per
1186 2673 1255 2720 se
1311 2652 1692 2719 incredibile
1749 2654 1837 2719 sit
1884 2653 2205 2719 Tibullum
2261 2672 2469 2735 pauca
2524 2653 2835 2736 quaedam

641 2846 686 2917 1)
721 2847 963 2901 Hillerus
999 2850 1075 2917 (p.
1107 2846 1235 2914 815)
1270 2862 1381 2901 non
1416 2847 1604 2915 inepte
1644 2845 1850 2900 conicit
1887 2846 2241 2914 cogitandum
2287 2861 2404 2899 esse
2456 2846 2522 2899 de
2561 2844 2725 2899 Delia
2772 2844 2838 2898 ad

499 2938 712 3004 tempus
751 2926 960 3004 aspera.

639 3022 683 3092 2)
719 3023 872 3078 Haec
909 3024 1185 3077 sententia
1221 3025 1306 3075 est
1353 3023 1717 3077 vexatissima.
1801 3023 1919 3077 Iam
1965 3024 2115 3093 quod
2163 3023 2292 3077 olim
2340 3022 2577 3077 coniecit
2610 3022 2836 3077 Vossius

497 3111 583 3164 vir
617 3110 1038 3165 humanissimus
1073 3111 1292 3183 (Albius
1320 3110 1575 3165 Tibullus
1612 3111 1726 3165 und
1764 3111 2091 3181 LygdamuS,
2128 3110 2417 3179 Heidelbg.
2451 3110 2607 3177 1811,
2632 3126 2687 3179 p.
2720 3111 2837 3178 165)

498 3200 694 3253 ductus
732 3200 985 3269 opinione
1007 3214 1042 3253 a
1067 3216 1116 3255 v,
1147 3202 1213 3255 65
1238 3216 1432 3254 novam
1459 3199 1692 3267 elegiam
1717 3199 1979 3267 incipere,
2004 3202 2223 3268 poetam
2246 3200 2427 3268 ipsum
2452 3214 2511 3252 se
2537 3198 2833 3251 allocutum

498 3304 616 3342 esse
653 3288 739 3341 his
763 3292 965 3358 ferrem
1001 3290 1086 3343 ille
1109 3289 1218 3355 fuit
1256 3289 1342 3354 qui
1375 3304 1495 3357 sqq.
1533 3288 1621 3341 vix
1649 3288 1938 3357 quisquam
1974 3286 2135 3341 hodie
2173 3287 2495 3356 crediderit3
2532 3287 2592 3340 id
2619 3302 2833 3356 quoque

499 3376 646 3445 quod
701 3376 949 3445 plerique
1011 3376 1340 3445 interpretes
1396 3376 1525 3431 inde
1574 3393 1605 3430 a
1654 3376 1998 3430 Broukhusio
2053 3376 2122 3430 ad
2166 3376 2459 3430 Dissenum
2507 3378 2835 3430 censuerunt

497 3466 849 3533 cogitandum
887 3482 1006 3521 esse
1045 3466 1111 3520 de
1148 3466 1330 3535 priore
1369 3466 1603 3535 quodam
1641 3468 1899 3532 amatore,
1939 3464 2033 3533 qui
2057 3464 2253 3519 relicta
2291 3464 2452 3518 Delia
2486 3465 2546 3518 in
2583 3464 2835 3519 Ciliciam

494 3552 775 3621 profectus
813 3556 974 3621 esset,
1012 3570 1205 3623 parum
1243 3554 1531 3607 satisfacit.
1604 3554 1799 3623 Neque
1838 3552 1983 3623 quod
2018 3568 2193 3622 nuper
2231 3553 2561 3607 sententiam
2607 3553 2667 3606 in
2715 3554 2831 3607 uni-

493 3656 711 3695 versum
747 3642 1139 3712 interpretatus
1186 3646 1271 3698 est
1318 3643 1428 3697 Leo
1465 3642 1553 3696 vir
1598 3642 1980 3710 sagacissimus
2027 3640 2148 3709 (1.1.
2173 3657 2227 3710 p.
2255 3639 2349 3707 37)
2383 3636 2507 3695 ita:'
2535 3642 2835 3712 ,,σιδὴρειος

495 3732 692 3790 ἐκεῖνος
729 3726 799 3783 ἂν
845 3726 910 3795 ἦν
956 3729 1096 3794 ὅστις
1134 3737 1302 3804 Δηλίᾳ
1348 3731 1508 3797 συζῆν
1554 3730 1669 3792 ἐξὸν
1713 3728 1812 3785 τὸν
1857 3734 1913 3784 ἐκ
1959 3734 2192 3803 πολέμου
2235 3729 2396 3800 ὄλβον
2440 3731 2831 3801 προυτίμησεν“

492 3818 667 3886 primo
715 3818 912 3872 obtutu
961 3819 1208 3875 arridens
1258 3820 1392 3874 mihi
1439 3819 1731 3890 persuasit,
1778 3835 1901 3873 cum
1928 3806 2223 3873 ¹sententia
2266 3834 2375 3872 non
2423 3818 2496 3871 sit
2541 3816 2833 3889 »σιδήρειος

491 3905 692 3966 ἐκεῖνος
737 3902 806 3959 ἂν
852 3902 918 3974 ἦν
953 3906 1130 3969 ὅστιςιι
1167 3910 1266 3963 sed
1302 3908 1599 3980 ,,σιδὴρειος
1644 3913 1836 3969 ἐκεῖνος
1875 3903 1973 3974 ἦνιι
2010 3908 2047 3964 i.
2077 3924 2122 3961 e.
2148 3924 2260 3961 non
2297 3908 2453 3977 quod·
2478 3907 2708 3962 dicimus
2747 3908 2830 3959 der

494 4000 672 4045 mii-este
718 3996 931 4047 eisernen
979 3997 1156 4050 Sinnes
1187 4000 1322 4062 sein,
1371 4000 1460 4049 der
1509 4036 1521 4049 .
1575 4038 1589 4051 .
1619 4036 1631 4049 .
1674 4038 1687 4051 .
1727 3997 1823 4051 Sed
1873 3999 1961 4049 der
2011 3998 2074 4048 ist
2108 3998 2346 4067 sic'rwahr
2392 3998 2606 4049 cisernen
2654 3996 2829 4049 Sinnes

489 4100 718 4148 qewesen,
758 4084 847 4134 der
884 4122 898 4136 .
938 4126 949 4139 .
989 4122 1002 4135 .
1043 4091 1108 4137 .“.
1194 4085 1372 4139 Unum
1409 4088 1584 4139 restat
1628 4087 1691 4139 ut
1725 4084 1829 4139 hoc
1873 4084 2172 4140 referamus
2218 4085 2287 4139 ad
2332 4085 2587 4139 maritum
2633 4085 2729 4155 qui
2772 4084 2828 4136 in

492 4166 742 4224 Ciliciam
778 4171 966 4225 abiens
1005 4174 1258 4229 custodes
1295 4173 1380 4227 illi
1416 4174 1618 4242 posuit.

631 4257 678 4327 ³)
715 4258 784 4312 cf.
822 4259 1085 4315 Ribbeck.
1124 4262 1159 4318 l.
1185 4262 1224 4316 1.
1249 4279 1303 4332 p.
1330 4265 1452 4317 446.
