3075 5100
484 379 568 442 86

482 571 750 618 amoena
805 551 1067 633 scripsit
1137 554 1202 616 et
1258 549 1538 631 posteris
1592 549 1871 631 reliquit.
1978 549 2115 628 Quo
2172 550 2359 616 modo
2414 569 2541 614 non
2598 549 2823 630 inique

481 659 638 725 mihi
707 659 962 725 videtur
1028 656 1306 738 intelligi
1374 661 1636 736 praeter
1707 661 1953 722 ceteros
2012 675 2123 720 cur
2178 656 2296 722 hos
2352 656 2529 737 ipsos
2589 661 2822 737 poetas

482 765 802 830 Martialis
851 763 1227 845 opposuerit
1272 781 1524 844 quaque
1572 763 1825 828 ratione
1872 763 1951 828 de
2000 763 2093 828 eis
2142 763 2546 830 iudicaverit.

661 871 1042 938 Persuasum
1092 870 1293 951 igitur
1337 868 1544 934 habeo
1587 869 2125 951 apophoretorum
2157 887 2321 951 quae
2354 869 2611 950 quidem
2644 875 2827 950 spec-

483 981 626 1042 tent
672 977 753 1041 ad
798 977 998 1043 libros
1036 977 1384 1041 183—196
1432 976 1721 1042 ordinem
1766 993 1884 1041 nec
1930 977 2260 1042 turbatum
2308 993 2449 1042 esse
2493 993 2612 1040 nec
2654 975 2831 1039 lacu-

483 1084 585 1148 nis
642 1085 1082 1165 depravatum,
1141 1083 1591 1164 integrumque
1647 1083 1743 1148 ita
1798 1088 1872 1147 ut
1926 1082 2075 1147 inde
2137 1100 2176 1147 a
2228 1083 2351 1147 183
2413 1083 2494 1146 ad
2558 1084 2681 1147 192
2741 1082 2833 1146 sit

485 1189 606 1304 {P
653 1190 772 1255 PD
829 1209 1000 1272 sqq.,
1073 1195 1210 1254 tum
1280 1189 1640 1255 invertatur
1696 1189 1845 1254 inde
1913 1207 1955 1254 a
2013 1189 2135 1254 193
2198 1189 2279 1253 ad
2342 1191 2469 1254 196
2518 1189 2637 1304 12}
2682 1189 2828 1303 12}

487 1330 668 1408 Quod
693 1333 748 1396 si
770 1333 891 1397 hoc
915 1333 1151 1396 malum
1177 1349 1319 1397 esse
1343 1331 1632 1395 iudicant
1657 1330 1735 1411 ei,
1773 1331 1881 1412 qui
1908 1350 2027 1412 per
2047 1335 2255 1396 totum
2278 1331 2513 1396 librum
2540 1331 2833 1396 ordinem

489 1438 607 1502 DP
658 1439 774 1502 DP
833 1443 1203 1504 constanter
1256 1438 1482 1518 utique
1535 1437 2055 1504 constituendum
2112 1455 2251 1502 esse
2306 1437 2431 1520 sibi
2486 1454 2833 1518 persuase-

491 1527 770 1553 w—‘h-ud

486 1585 666 1661 runt,
733 1585 949 1645 tamen
1008 1580 1358 1660 codicibus,
1418 1580 1590 1662 quod
1636 1579 1983 1662 plurimum
2037 1579 2098 1643 h.
2136 1578 2177 1642 l.
2226 1580 2424 1659 iuvat,
2474 1578 2651 1643 credi
2696 1597 2835 1643 ma-

485 1686 749 1766 luerim,
821 1692 895 1751 ut
947 1687 1283 1752 libidinem
1340 1686 1605 1750 lacunas
1650 1687 1755 1751 hic
1800 1685 1935 1750 illic
1980 1685 2329 1766 statuendi,
2389 1685 2451 1749 in
2503 1703 2625 1767 quo
2675 1691 2837 1766 quot

489 1793 704 1874 capita
749 1798 848 1859 tot
897 1812 1143 1874 sensuS‚
1218 1791 1533 1874 effugiam,
1594 1797 1678 1874 et,
1738 1793 1909 1874 quod
1966 1793 2224 1874 gravius
2284 1797 2403 1873 est,
2469 1793 2832 1872 sententiiS,

488 1917 651 1980 quae
712 1900 1282 1983 epigrammatibus
1339 1898 1749 1965 continentur
1804 1898 1973 1962 idem
2027 1898 2483 1980 probantibus;
2554 1917 2837 1981 namque

489 2025 564 2070 ex
611 2006 904 2089 pluribus
952 2007 1138 2072 malis
1188 2044 1271 2056 —
1319 2008 1374 2070 si
1422 2006 1677 2071 omnino
1726 2005 1965 2069 malum
2012 2009 2249 2086 restat,
2315 2006 2485 2088 quod
2531 2023 2695 2088 nego
2752 2043 2836 2052 —

485 2111 816 2175 minimum
865 2117 1122 2192 oportet
1168 2112 1464 2195 eligatur.
1562 2113 1755 2177 Aliud
1802 2130 2052 2193 quoque
2100 2113 2483 2192 monuerim,
2534 2113 2725 2194 quod,
2780 2114 2838 2177 si

485 2217 654 2281 hunc
703 2236 890 2299 quem
939 2218 1371 2284 demonstravi
1405 2218 1693 2283 ordinem
1743 2218 2089 2300 sequimur,
2139 2237 2266 2282 non
2312 2217 2511 2298 fugit:
2562 2237 2837 2301 symme-

489 2325 681 2389 triam
730 2325 1050 2406 quandam
1106 2325 1298 2389 huius
1359 2325 1584 2389 classis
1640 2342 1804 2406 quae
1863 2325 1943 2388 ad
1990 2323 2191 2390 libros
2238 2331 2492 2408 spectat
2540 2325 2836 2390 evadere.

407 2425 414 2430 ’
488 2430 724 2511 Incipit
767 2431 1089 2495 Martialis
1147 2451 1186 2496 a
1241 2436 1645 2512 poetarum
1705 2430 2057 2495 binorum
2115 2433 2459 2498 eorundem
2529 2432 2837 2514 operibus

493 2537 932 2620 (183—186),
1006 2537 1072 2603 in
1141 2535 1268 2603 fine
1327 2540 1514 2620 ponit
1568 2539 1922 2604 binorum
1976 2544 2387 2620 poetarum
2451 2558 2839 2622 quamquam

435 2685 442 2691 -
492 2664 618 2710 non
689 2645 1036 2709 eorundem
1107 2664 1184 2709 ea
1251 2650 1467 2711 tamen
1537 2665 1665 2728 qua
1735 2645 2009 2711 diximus
2087 2648 2341 2712 ratione
2416 2646 2839 2712 finitimorum

494 2770 692 2832 opera
722 2752 1161 2836 (193—196):
1213 2752 1278 2816 in
1315 2753 1522 2817 medio
1558 2758 1774 2818 autem
1805 2752 2109 2833 leguntur
2146 2758 2334 2819 terna
2368 2754 2840 2836 epigrammata

493 2858 723 2939 quibus
787 2876 1060 2940 prosae
1131 2859 1516 2925 orationis
1586 2861 2017 2941 scriptores
2085 2865 2499 2945 opponuntur
2561 2860 2837 2941 poetis

492 2965 649 3048 (187
663 2966 926 3045 -192).
1029 2964 1156 3030 Sed
1227 2966 1462 3030 dixerit
1530 2967 1673 3047 quis
1742 2967 1864 3032 hoc
1932 2966 2024 3031 nil
2092 2968 2309 3033 valere
2368 2973 2435 3033 et
2493 2967 2646 3031 forti
2694 2984 2840 3031 esse

492 3070 931 3150 tribuendum,
1006 3072 1176 3153 quod
1244 3090 1372 3137 non
1443 3074 1841 3140 crediderim.
1950 3073 2037 3139 Et
2093 3075 2147 3139 si
2203 3080 2380 3140 recte
2440 3074 2723 3139 creditur
2772 3074 2842 3137 id

496 3177 827 3242 consilium
878 3182 1121 3241 certum
1169 3182 1398 3259 poetae
1444 3178 1662 3260 fuisse,
1711 3198 1836 3245 non
1885 3181 2071 3245 modo
2106 3182 2272 3262 quod
2307 3182 2374 3246 in
2405 3180 2617 3245 media
2649 3185 2839 3260 parte

492 3284 656 3347 varii
691 3284 1040 3367 scriptores
1072 3285 1423 3350 miscentur
1454 3288 1833 3368 explicatur,
1884 3288 2000 3352 sed
2033 3288 2289 3354 omnino
2324 3288 2524 3353 multo
2574 3287 2833 3366 certiuS,

496 3389 667 3471 quod
711 3409 828 3471 per
885 3408 955 3455 se
1002 3396 1106 3455 sat
1153 3397 1395 3457 certum
1446 3411 1587 3458 esse
1629 3393 1901 3474 videtur,
1952 3392 2247 3459 firmatur
2295 3396 2373 3460 de
2419 3393 2545 3459 fide
2593 3393 2839 3458 ordinis

494 3516 622 3561 non
672 3496 1093 3563 dubitandum
1165 3517 1324 3564 esse.
1435 3499 1573 3577 Qua
1643 3499 1899 3582 quidem
1974 3503 2348 3583 quaestione
2419 3520 2536 3583 per
2593 3519 2663 3566 se
2711 3499 2841 3564 for-

496 3612 673 3672 tasse
721 3626 847 3672 non
895 3606 1112 3670 inutili
1158 3607 1559 3672 universiore
1605 3607 1672 3672 id
1720 3608 1890 3688 quod
1921 3608 2092 3673 volui
2139 3608 2297 3672 mihi
2327 3608 2549 3674 videor
2580 3608 2839 3672 demon-

497 3718 762 3794 strasse,
817 3718 931 3779 suo
978 3714 1119 3778 loco
1153 3713 1433 3794 positum
1484 3731 1559 3778 ac
1593 3714 1775 3781 diviti
1806 3715 2216 3779 tribuendum
2266 3734 2409 3779 esse
2442 3716 2841 3797 epigramma

507 3822 628 3883 193
679 3823 847 3902 quod
893 3820 1268 3884 inscribitur
1317 3821 1713 3895 ,‚Tibullu3“.
