3075 5100
583 317 660 376 14

574 494 768 570 prout
813 508 917 554 res
966 495 1033 555 et
1078 490 1326 555 animus
1372 494 1633 571 poetam
1675 488 2055 554 invitabant.
2137 489 2259 566 Qui
2292 489 2347 553 si
2381 489 2536 571 quid
2568 487 2758 555 finxit
2789 509 2919 556 non
3035 549 3037 556 .

573 597 668 660 ita
723 601 940 660 tamen
989 613 1094 661 res
1143 595 1527 675 obscuravit,
1588 596 1740 676 quin
1786 593 1975 660 facile
2032 613 2197 676 quae
2244 600 2627 677 argumento
2676 594 2922 660 fuerint
3035 581 3037 596 ³

576 702 984 768 condiciones
1037 721 1154 767 eae
1211 701 1589 781 investigari
1646 705 1839 782 atque
1897 718 2062 782 quae
2121 701 2378 766 viduam
2437 700 2691 766 Deliam
2751 720 2919 784 quae

572 813 841 888 nuptam
883 809 1166 873 carmina
1198 806 1607 888 depinxerint
1638 807 1892 886 seiungi
1923 807 2193 888 possint.
2273 807 2409 872 Has
2441 808 2641 890 igitur
2675 807 2921 889 elegias

573 915 637 979 II
682 915 774 980 VI
821 933 972 980 cave
1045 931 1126 978 ne
1195 911 1546 978 confundas
1618 930 1759 976 cum
1828 912 1957 976 illis
2017 913 2114 977 III
2158 912 2208 977 I.
2311 913 2450 978 Hoc
2498 914 2669 979 enim
2726 932 2919 994 quam

573 1021 1005 1102 perniciosum
1081 1021 1169 1086 sit
1247 1019 1337 1084 nil
1415 1019 1651 1084 clarius
1722 1019 1909 1084 docet
1978 1036 2169 1099 quam
2239 1019 2411 1099 quod
2483 1019 2695 1100 elegia
2750 1019 2815 1083 ΙΙ
2886 1038 2923 1082 a

572 1127 967 1192 Baehrensio
1015 1127 1187 1190 inter
1233 1126 1265 1189 I
1313 1130 1378 1191 et
1423 1123 1521 1190 III
1567 1124 1953 1205 interposita
2002 1128 2129 1204 est3
2189 1125 2299 1206 qui
2346 1124 2420 1190 Ο.
2466 1124 2849 1191 Richterum
2872 1123 2920 1208 ¹)

573 1237 832 1298 secutus
889 1250 1231 1313 perperam
1287 1231 1705 1298 conicientem
1754 1229 2004 1295 Deliam
2063 1249 2101 1294 a
2149 1230 2401 1296 Tibullo
2460 1237 2745 1297 amatam
2792 1252 2921 1298 non

573 1357 717 1404 esse
773 1339 899 1403 nisi
952 1342 1222 1419 nuptam
1279 1342 1655 1402 occaecatus
1710 1335 1846 1402 fere
1903 1336 2176 1418 elegiam
2221 1336 2319 1401 111
2374 1338 2441 1402 in
2497 1337 2624 1404 fine
2672 1357 2921 1420 ponens
3035 1401 3037 1404 ,

572 1444 731 1508 haec
777 1442 932 1510 fecit
978 1444 1278 1526 verba'ss.
1315 1444 1357 1508 l.
1392 1463 1455 1526 p.
1494 1446 1630 1524 20):
1684 1444 1857 1523 „Die
1889 1444 2026 1508 ἄνεί
2056 1455 2255 1508 ersten
2286 1444 2679 1510 Delialieder
2711 1445 2920 1510 bilden

573 1551 672 1614 ein
717 1552 785 1613 iu
832 1550 962 1614 sich
1009 1550 1524 1634 abqesehlosseues
1558 1548 1800 1614 Ganze:
1847 1550 1933 1614 sie
1973 1550 2282 1614 schildern
2310 1575 2428 1614 uns
2460 1552 2559 1616 die
2584 1552 2921 1636 9luckliehe

573 1657 712 1721 Zea
757 1659 826 1720 in
867 1657 1098 1720 ribaus
1128 1657 1489 1740 Mebsemft
1533 1658 1647 1720 mit
1678 1657 1938 1720 Delia.“
2018 1657 2153 1720 lam
2200 1657 2477 1738 primum
2525 1659 2579 1722 si
2612 1665 2919 1724 naturam
3035 1641 3037 1654 '

572 1763 822 1844 elegiae
867 1763 964 1827 111
1031 1765 1168 1829 sine
1238 1764 1337 1827 ira
1403 1763 1781 1844 respicimus
1853 1763 1994 1845 quis
2056 1764 2280 1829 credat
2333 1764 2587 1830 Deliam
2645 1770 2915 1846 nuptam

573 1890 717 1938 esse
752 1890 892 1936 cum
924 1871 1131 1952 primo
1166 1870 1394 1934 obtutu
1418 1873 1644 1950 pateat
1666 1888 1946 1934 amorem
1974 1889 2098 1952 quo
2127 1871 2599 1952 coniunguntur
2627 1871 2919 1936 Tibullus

576 1983 644 2044 et
689 1978 878 2043 Delia
923 1977 1098 2042 nullo
1159 1976 1346 2041 modo
1405 1993 1548 2042 esse
1597 1977 1971 2042 turbatum?
2065 1977 2135 2041 In
2198 1983 2485 2042 extrema
2532 1979 2919 2059 praesertim

571 2089 761 2166 parte
807 2083 888 2166 (v.
929 2087 1010 2148 89
1038 2082 1206 2166 sqq.)
1240 2087 1482 2165 quanta
1514 2083 1821 2161 suavitas,
1871 2089 2149 2165 quantus
2180 2084 2373 2149 ardor
2405 2085 2668 2150 amoris!
2752 2083 2916 2147 Num

573 2191 729 2273 quid
775 2190 990 2256 acerbi
1038 2190 1103 2254 in
1152 2207 1369 2254 amore
1415 2193 1651 2271 poetae
1698 2190 1933 2271 gaudio
1983 2194 2051 2254 et
2098 2207 2213 2271 spe
2260 2189 2577 2255 exultanti
2618 2190 2751 2254 iam
2781 2193 2918 2253 tum

571 2297 880 2364 accidisse
929 2297 1262 2362 credamus
1282 2297 1313 2358 Ῥ
1389 2295 1591 2360 Immo
1639 2297 1748 2378 qui
1796 2301 2079 2375 censent,
2129 2295 2384 2360 Deliam
2431 2313 2574 2360 cum
2623 2295 2915 2360 Tibullus

570 2403 692 2467 hoc
741 2402 1052 2467 scriberet
1099 2405 1367 2480 nuptam
1411 2401 1540 2466 iam
1586 2400 1813 2482 fuisse,
1864 2401 2355 2466 amoenissimae
2404 2401 2651 2482 elegiae
2700 2401 2917 2466 dulce-

572 2509 788 2574 dinem
833 2509 1026 2592 plane
1075 2507 1355 2573 demunt.
1433 2507 1574 2573 Hoc
1619 2508 1879 2574 initium
1920 2507 2159 2573 amoris
2193 2512 2293 2573 est
2324 2507 2435 2591 qui
2466 2507 2914 2573 intercedebat

570 2616 742 2681 inter
800 2616 1118 2682 Tibullum
1190 2619 1255 2679 et
1308 2613 1563 2679 Deliam
1617 2614 2221 2694 innocentissimam,
2280 2633 2407 2681 non
2480 2614 2687 2679 solum
2741 2614 2914 2695 quod

569 2722 826 2800 initium
897 2722 1144 2803 elegiae
1215 2722 1281 2786 id
1348 2722 1516 2804 quod
1573 2739 1769 2803 supra
1826 2721 1913 2804 (p.
1968 2718 2034 2802 7)
2092 2719 2590 2803 significavimus
2657 2726 2911 2802 tempus

569 2829 861 2911 respicit,
934 2829 1048 2893 sed
1106 2829 1330 2909 etiam,
1405 2828 1575 2910 quod
1631 2827 1889 2909 gravius
1949 2832 2081 2905 est,
2152 2827 2302 2908 quia
2350 2827 2633 2891 animum
2678 2832 2911 2909 poetae

571 2935 777 3017 spirat
824 2934 1025 2999 multo
1079 2933 1431 3001 feliciorem
1491 2934 1975 3016 beatioremque
2035 2934 2269 2999 ceteris
2319 2970 2401 2980 —
2449 2952 2531 2998 ne
2578 2933 2610 2996 1
2657 2934 2911 3015 quidem

570 3042 833 3124 excipio,
932 3042 1114 3119 Quod
1171 3042 1603 3108 Baehrensius
1666 3044 1892 3122 captus
1950 3040 2253 3122 opinione
2311 3040 2598 3105 carmina
2656 3058 2731 3105 eo
2788 3059 2911 3122 quo

567 3150 634 3214 in
680 3148 864 3215 libris
912 3148 1256 3213 traduntur
1289 3148 1512 3213 ordine
1548 3166 1587 3213 a
1618 3152 1812 3231 poeta
1844 3147 2089 3228 scripta
2122 3143 2330 3228 esse²)
2365 3146 2609 3211 iudicat
2641 3149 2796 3212 ante
2820 3145 2914 3209 111

567 3254 990 3337 compositum
1037 3271 1200 3321 esse.
1295 3254 1599 3337 Legimus
1648 3258 1865 3319 autem
1911 3254 1979 3320 in
2028 3252 2240 3334 elegia
2285 3251 2383 3316 111
2426 3252 2622 3317 haec:

741 3381 840 3427 vv.
915 3363 970 3425 1.
1047 3363 1112 3427 2:
1158 3362 1342 3425 Ibitis
1388 3360 1670 3446 Aeqaeas
1716 3362 1849 3425 sine
1894 3383 2008 3433 me.
2057 3359 2379 3433 Messalla,
2420 3382 2544 3445 per
2587 3360 2809 3432 undas,
2900 3351 2907 3361 ⁸

1255 3491 1290 3531 o
1335 3469 1578 3532 utinam
1624 3489 1920 3533 memores
1966 3468 2099 3552 ipse
2145 3467 2477 3552 cohorsque
2524 3467 2646 3530 mei
2690 3484 2835 3547 sqq.

742 3594 841 3640 vv.
872 3576 975 3639 55.
1006 3576 1118 3639 56:
1167 3576 1264 3639 hie
1308 3576 1462 3640 iacet
1507 3575 1717 3639 inmiti
1762 3585 2158 3659 consumptus
2203 3585 2397 3638 morte
2453 3573 2752 3646 Tibullus,

1249 3682 1619 3747 Messallam
1662 3693 1832 3746 terra
1878 3682 2027 3743 dum
2074 3682 2465 3767 sequiturque
2511 3680 2697 3744 maii.

709 3877 755 3946 1)
789 3875 986 3931 Rhein.
1012 3874 1152 3927 Mus.
1182 3874 1336 3929 XXV
1375 3873 1566 3944 (1870)
1602 3890 1637 3943 p
1686 3874 1790 3928 518
1818 3889 1937 3942 sqq.

705 3964 749 4035 ²)
785 3964 938 4019 Idem
974 3978 1146 4032 nuper
1185 3978 1248 4016 ex
1275 3962 1677 4016 commentariis
1715 3978 1899 4015 eorum
1938 3962 2035 4030 qui
2062 3963 2189 4015 ante
2215 3961 2395 4029 ipsum
2425 3962 2507 4016 ita
2529 3962 2910 4017 iudicaverant

562 4054 916 4123 repetendum
971 4053 1184 4107 curavit
1231 4052 1420 4107 multis
1472 4052 1670 4119 verbis,
1718 4064 1827 4104 non
1877 4051 1959 4104 ita
2003 4052 2066 4102 ut
2122 4049 2437 4104 crederetur
2494 4050 2556 4106 G.
2597 4052 2903 4105 Doncieux:

565 4142 680 4210 „De
733 4140 936 4195 Tibulli
987 4142 1309 4197 amoribu8.“
1369 4141 1545 4195 Paris.
1591 4141 1741 4195 1887.
1780 4156 1834 4209 p.
1873 4139 2105 4207 43-ν-60,
2153 4140 2311 4207 impr.
2348 4139 2414 4193 cf.
2453 4155 2506 4208 p.
2543 4141 2611 4195 39
2660 4156 2779 4210 sqq.
2842 4140 2903 4195 cf.

561 4229 795 4297 Magnus
834 4228 872 4281 1.
900 4229 937 4284 1.
