3075 5100
485 311 569 374 58

1602 557 1721 640 ΙΙ.

581 755 809 838 Num
861 755 1101 839 liber
1155 754 1540 838 minoris
1596 775 1869 856 quam
1922 776 2085 856 par
2142 755 2273 838 est
2334 755 2731 914 ambitus

1305 917 1490 981 esse
1544 895 1995 980 videatur.

653 1093 749 1158 Ex
806 1094 900 1158 eis
960 1110 1125 1177 quae
1186 1093 1496 1158 Dissenus
1557 1096 1631 1157 ut
1689 1091 2137 1174 comprobaret
2194 1092 2427 1157 librum
2477 1094 2834 1160 secundum

482 1217 522 1262 a
569 1199 820 1264 Tibullo
868 1219 993 1265 non
1042 1200 1286 1265 editum
1349 1217 1492 1265 esse
1540 1199 1782 1281 attulit,
1831 1217 2028 1264 unum
2062 1237 2143 1246 —-
2187 1199 2423 1265 librum
2468 1199 2833 1282 longiorem

482 1303 767 1372 fututum
830 1306 1030 1374 fuisse
1077 1313 1144 1372 et
1189 1307 1390 1390 priori
1436 1305 1881 1389 magnitudine
1926 1307 2299 1376 similiorem
2347 1307 2404 1372 si
2450 1313 2648 1390 poeta
2696 1308 2835 1373 diu-

483 1413 615 1478 tius
684 1414 952 1479 vixisset
1023 1412 1128 1495 (cf.
1165 1432 1216 1480 s.
1254 1432 1315 1495 p.
1354 1414 1468 1494 45)
1547 1449 1623 1459 -—
1685 1413 1779 1478 eis
1836 1413 2082 1494 placuit
2132 1415 2239 1497 qui
2286 1433 2492 1496 nuper
2538 1415 2690 1480 huic
2736 1417 2835 1480 rei

485 1538 747 1602 operam
809 1524 1228 1602 navaverunt,
1284 1520 1492 1584 Birtio
1550 1525 1618 1584 et
1674 1519 1923 1585 Hillero
1970 1520 2125 1586 viris
2168 1519 2672 1606 humanissimiS‚
2723 1524 2835 1607 qui

484 1627 654 1709 quod
721 1628 786 1692 in
859 1633 1231 1718 transcursu
1301 1627 1412 1693 ille
1468 1630 2079 1695 commemoraverat
2134 1627 2357 1693 dedita
2411 1647 2613 1710 opera
2683 1649 2836 1711 pro-

482 1734 640 1800 bare
687 1736 900 1801 conati
947 1738 1116 1799 sunt.

485 1949 864 2024 scribitur,
872 1949 1020 2024 ‚Die
1065 1946 1491 2032 Buohqrosse“
1544 1949 1635 2028 (p.
1664 1947 1881 2010 286—
1889 1945 2047 2024 341)
2096 1965 2261 2030 quae
2307 1949 2631 2015 variorum
2679 1971 2835 2034 poe-

483 2061 697 2123 tarum
751 2055 936 2122 libris
1003 2053 1498 2137 diligentissime
1556 2052 1809 2118 collatis
1872 2058 1938 2119 et
1998 2055 2385 2135 comparatis
2448 2056 2527 2120 de
2585 2059 2837 2125 ambitu

481 2163 728 2228 invenit
783 2181 862 2229 ea
916 2163 995 2227 de
1035 2162 1272 2242 Tibulli
1328 2160 1638 2224 librorum
1696 2159 2048 2225 traditione
2109 2159 2431 2228 disserens
2480 2166 2573 2246 (Ρ.
2610 2166 2829 2230 426-

483 2270 644 2353 429)
679 2271 745 2335 in
793 2288 977 2335 usum
1024 2288 1208 2334 suum
1257 2268 1591 2334 convertit.
1685 2267 1997 2332 Rationes
2045 2271 2262 2333 autem
2310 2270 2447 2336 eius
2495 2271 2835 2339 universas

485 2378 772 2444 breviter
819 2376 1204 2442 adumbrare
1259 2376 1454 2442 iuvat.

666 2482 903 2551 Censet
970 2484 1069 2549 vir
1141 2484 1365 2549 doctus
1425 2487 1669 2546 certum
1728 2480 1791 2544 in
1852 2480 2117 2560 edendis
2187 2481 2371 2549 libris
2434 2486 2695 2553 modum
2768 2492 2837 2554 et

486 2594 830 2659 maximum
888 2596 957 2656 et
1011 2592 1343 2657 minimum
1401 2596 1656 2656 veteres
1718 2593 2045 2672 tamquam
2106 2590 2384 2673 quadam
2429 2591 2575 2675 lege
2621 2600 2835 2661 motos

485 2701 589 2765 vel
635 2704 891 2765 coactos
940 2697 1332 2764 adhibuisse.
1426 2697 1595 2762 Illud
1658 2696 1914 2779 quidem
1961 2716 2089 2763 non
2136 2697 2355 2779 inepte
2402 2700 2715 2766 iudicavit
2758 2702 2837 2767 li-

487 2808 636 2872 bros
683 2810 1021 2888 poetarum
1068 2804 1502 2888 segregandos
1551 2822 1692 2869 esse
1740 2803 1820 2868 ab
1871 2804 1963 2867 eis
2012 2803 2121 2885 qui
2167 2823 2428 2886 prosam
2474 2808 2836 2875 orationem

489 2914 922 2993 continerent3
982 2912 1220 2978 etenim
1275 2912 1331 2979 si
1380 2910 1853 2992 comparaveris
1902 2909 2129 2987 obiter,
2180 2911 2309 2977 iam
2357 2913 2836 2982 animadvertes

486 3020 604 3085 hos
652 3020 842 3101 vulgo
892 3020 1228 3085 circuitum
1274 3019 1515 3084 habere
1562 3016 1691 3082 illis
1736 3016 1940 3082 multo
1990 3017 2386 3099 ampliorem.
2485 3020 2612 3087 Sed
2660 3026 2835 3107 quod

489 3128 930 3193 demonstrare
958 3131 1225 3191 conatus
1251 3131 1351 3191 est
1380 3124 1705 3190 volumina
1736 3124 1818 3189 ad
1865 3124 2222 3205 legitimam
2268 3145 2558 3193 normam
2606 3136 2836 3196 exacta

486 3232 684 3300 fuisse
718 3235 832 3314 ita,
881 3238 956 3299 ut
999 3252 1119 3298 nec
1162 3234 1336 3299 ultra
1381 3233 1638 3298 modum
1692 3234 1861 3296 1100
1909 3248 2209 3296 versuum
2254 3236 2560 3315 progredi
2606 3235 2837 3305 liceret

486 3342 700 3424 poetis
761 3359 880 3406 nec
934 3341 1001 3406 in
1057 3341 1264 3405 lucem
1319 3340 1511 3407 edere
1560 3338 1759 3404 libros
1807 3338 1917 3420 qui
1964 3356 2301 3404 numerum
2350 3342 2479 3407 500
2525 3362 2833 3411 versuum

485 3468 614 3516 non
649 3450 1146 3533 assequerentur
1187 3464 1412 3512 vereor
1443 3464 1522 3511 ne
1556 3446 1697 3526 ipse
1728 3445 1905 3509 ultra
1934 3445 2192 3510 modum
2216 3463 2601 3530 progressus
2650 3451 2739 3516 sit
2752 3450 2824 3537 ²).

488 3556 652 3620 Nam
697 3556 858 3620 haec
903 3574 1127 3620 norma
1175 3554 1410 3637 quippe
1459 3570 1624 3634 quae
1674 3552 2008 3616 circuitum
2056 3551 2229 3617 inter
2278 3555 2437 3621 duos
2484 3556 2649 3623 fines
2696 3564 2833 3625 tam

628 3805 673 3873 ¹)
716 3805 828 3859 Das
866 3803 1050 3860 antike
1086 3801 1421 3856 Buchwesen
1467 3802 1524 3855 in
1572 3806 1777 3860 seinem
1814 3806 2161 3862 Verhaltniss
2210 3818 2308 3856 zur
2352 3802 2675 3873 Litteratur,
2730 3808 2835 3861 mit

486 3895 729 3963 Beitrag.
754 3910 796 3947 z.
819 3892 1144 3962 Textgesch.
1167 3892 1479 3963 d.Theokr.,
1500 3894 1638 3964 Cat„
1659 3896 1820 3965 Prop.
1834 3896 1947 3949 und
1967 3895 2198 3949 auderet
2214 3891 2478 3947 Antoren.
2510 3892 2657 3947 Berl.
2680 3897 2830 3952 1882.

525 4019 529 4023 -
629 3981 672 4050 ²)
709 3983 826 4038 Hoc
870 3983 1174 4038 rectissime
1225 3988 1556 4039 monuerunt
1589 3985 1631 4039 ii
1670 3986 1764 4055 qui
1800 3985 2063 4038 iudicium
2100 3982 2351 4037 fecerunt
2386 3982 2453 4036 de
2489 3981 2655 4037 Birtii
2691 3983 2832 4038 libro

489 4073 549 4127 E.
589 4073 846 4128 Rohdeus
900 4073 1176 4145 (Gotting.
1214 4073 1321 4142 gel.
1381 4074 1514 4128 Anz.
1568 4076 1721 4142 1882,
1771 4073 1839 4142 Π,
1898 4090 1949 4143 Ρ.
2012 4073 2378 4139 maz-1562,
2436 4069 2506 4124 ef.
2563 4071 2831 4141 imprimis

485 4180 541 4233 p.
582 4166 710 4219 1551
755 4161 900 4233 sqq.)
953 4166 1008 4216 et
1061 4161 1450 4216 Landwehrius
1501 4161 1668 4233 (Phil.
1708 4162 1841 4219 ΑΜ.
1880 4161 2017 4216 XIV
2065 4163 2252 4232 (1884)
2308 4176 2361 4229 p.
2400 4161 2704 4226 357-377,
2760 4161 2832 4215 ef.

485 4269 538 4321 Ρ.
567 4254 672 4308 363
711 4254 867 4322 sqq.).
