3075 5100
2463 425 2545 488 85

383 598 560 676 Quae
607 597 766 662 mihi
813 598 1070 679 quidem
1115 617 1244 663 non
1291 598 1428 664 sine
1477 599 1753 679 quadam
1800 600 2010 664 ironia
2042 601 2340 666 videntur
2389 600 2545 664 dici:

208 704 556 786 bibliopola
602 704 714 785 qui
760 705 981 770 vendit
1025 705 1226 770 libros
1271 723 1468 785 111008,
1518 705 1612 769 ita
1655 705 1973 770 Martialis
2020 706 2345 772 Lucanum
2393 705 2550 772 facit

206 812 594 892 loquentem,
655 816 846 892 putat
891 817 1152 892 poetam
1192 830 1292 876 me
1338 829 1498 892 esse,
1550 830 1933 893 quamquam
1979 813 2090 876 alii
2134 817 2376 894 negant
2411 813 2454 876 i.
2491 833 2543 878 e.

205 918 596 1000 bibliopolae
664 936 795 983 non
867 935 944 982 ex
1002 918 1260 999 ingenio
1317 923 1657 1000 poetarum
1714 919 1823 1001 qui
1872 920 2273 1002 scripserunt
2321 921 2548 1003 quanti

204 1026 334 1092 sint
365 1026 735 1106 aestimant,
785 1025 900 1090 sed
931 1043 1010 1090 ex
1041 1025 1409 1090 venditione
1440 1043 1606 1106 quae
1640 1025 1799 1106 ipsis
1831 1028 1977 1092 usui
2012 1031 2131 1107 est,
2181 1045 2299 1091 nec
2331 1045 2548 1090 curam

201 1119 698 1202 habent'eorum
748 1131 876 1213 qui,
929 1137 993 1197 et
1039 1137 1216 1198 recte
1251 1132 1508 1213 quidem
1558 1136 1631 1196 ut
1660 1133 2025 1215 peritiores,
2076 1142 2316 1217 negant
2350 1151 2547 1214 quen-

203 1240 348 1304 dam
395 1244 656 1321 poetam
703 1257 863 1304 esse.
944 1239 1368 1322 Pervulgatos
1417 1244 1631 1304 autem
1683 1244 1877 1323 atque
1923 1241 2276 1307 vendibiles
2307 1240 2549 1304 Lucani

203 1345 410 1411 libros
479 1349 616 1410 tum
685 1343 885 1412 fuisse
956 1364 1033 1410 ex
1103 1366 1177 1411 eo
1233 1344 1421 1411 facile
1478 1346 1865 1429 intelligitur
1922 1348 2093 1428 quod
2140 1365 2179 1410 a
2227 1345 2549 1410 Martialis

204 1457 420 1517 aetate
467 1471 596 1517 non
643 1451 898 1534 longius
947 1451 1218 1518 aberant
1265 1458 1349 1533 et,
1409 1471 1549 1517 cum
1597 1454 1665 1517 in
1713 1453 2171 1534 discipulorum
2218 1470 2404 1516 usum
2450 1471 2549 1516 re-

206 1559 575 1639 ciperentur
621 1559 852 1640 quibus
898 1577 1002 1626 res
1053 1577 1217 1640 quae
1263 1559 1328 1622 in
1363 1559 1703 1624 Pharsalia
1746 1565 2097 1625 narrantur
2142 1559 2370 1624 melius
2405 1577 2551 1623 con-

204 1665 554 1730 veniebant
601 1684 793 1746 quam
842 1665 1078 1730 Tibulli
1129 1666 1414 1731 carmina
1461 1667 1795 1747 amatoria,
1857 1666 2181 1749 vigebant,
2233 1684 2371 1730 cum
2422 1665 2550 1730 ele-

205 1773 371 1854 giaci
443 1772 595 1837 libri
664 1773 789 1838 duo
849 1773 959 1853 qui
1023 1773 1226 1856 epigr.
1282 1773 1405 1836 193
1465 1771 1912 1854 significantur
1965 1774 2196 1838 iterum
2247 1791 2373 1836 non
2422 1772 2549 1834 iam

205 1879 363 1944 editi
420 1883 640 1944 essent
692 1880 966 1962 ideoque
1024 1879 1157 1944 rari
1215 1883 1283 1944 et
1329 1879 1784 1960 pretiosissimi
1826 1878 1980 1944 facti
2012 1876 2116 1963 (cf.
2156 1897 2205 1943 s.
2240 1897 2301 1958 p.
2341 1874 2547 1961 67¹)).

202 1987 455 2068 Vulgo
490 1987 689 2067 igitur
720 1990 906 2066 patet
936 1985 1177 2050 Lucani
1206 1985 1429 2067 libros,
1480 2005 1622 2051 cum
1668 1986 1874 2067 magis
1915 1984 2279 2066 pervulgati
2313 1988 2547 2064 essent,

201 2093 408 2174 pluris
443 2092 817 2157 aestimatos
867 2110 1008 2158 esse
1042 2092 1279 2157 Tibulli
1313 2093 1579 2173 duobuS,
1630 2111 1897 2175 quorum
1932 2092 2120 2173 pauci
2162 2095 2297 2156 tum
2332 2090 2549 2155 viden-

201 2206 306 2263 tur
379 2199 681 2264 notitiam
736 2198 1060 2264 habuisse.
1166 2198 1291 2264 Sed
1354 2199 1463 2281 qui
1509 2198 1837 2264 habebant
1883 2198 2203 2263 Martialis
2253 2196 2549 2274 Quintili-

203 2325 365 2370 anus
381 2303 434 2388 2)
507 2305 619 2369 alii
689 2305 1046 2388 digniorem
1113 2306 1239 2387 ipsi
1320 2306 1720 2386 iudicabant,
1802 2324 1992 2386 quam
2056 2312 2131 2370 ut
2200 2305 2547 2384 Lucanum,

203 2431 594 2494 quamquam
671 2411 1060 2493 bibliopolae
1137 2413 1624 2478 vendibiliorem
1698 2412 2043 2492 habebant,
2124 2417 2379 2493 poetam
2454 2411 2551 2474 illi

203 2519 631 2603 praeferrent.
748 2519 1120 2586 Sententiae
1197 2520 1400 2601 igitur
1469 2520 1777 2603 probant,
1859 2519 2179 2585 Tibullum
2247 2522 2402 2583 nota
2470 2518 2547 2598 D,

203 2630 537 2695 Lucanum
583 2627 634 2692 P
707 2627 1058 2691 notandum
1129 2646 1289 2693 esse.
1406 2628 1580 2693 Nihil
1638 2632 1853 2692 autem
1912 2626 2175 2692 offendit
2229 2625 2401 2707 quod
2450 2624 2553 2688 Ti-

204 2737 422 2801 bullus
471 2734 824 2815 elegiarum
871 2734 1148 2815 scriptor
1196 2738 1262 2799 et
1293 2735 1589 2799 Lucanus
1638 2735 1747 2816 qui
1794 2752 1898 2798 res
1929 2733 2223 2798 versibus
2271 2730 2554 2812 descrip-

206 2843 293 2907 sit
364 2842 548 2905 iuxta
616 2844 968 2922 ponuntur,
1043 2841 1099 2905 si
1153 2841 1439 2906 rationes
1497 2842 1875 2922 respicimus
1933 2860 2098 2923 quae
2144 2837 2555 2903 intercedunt

206 2949 378 3015 inter
450 2948 636 3029 paria
706 2946 1126 3012 distichorum
1181 2968 1284 3012 nn.
1329 2950 1709 3029 187-192,
1760 2966 1967 3030 110(1110
2013 2966 2167 3012 vero
2227 2946 2425 3029 quod,
2498 2948 2554 3009 si

207 3056 422 3120 obitus
470 3054 808 3135 utriusque
854 3054 1172 3119 rationem
1219 3055 1551 3139 habemuS,
1601 3056 1813 3138 spatio
1859 3054 2212 3137 nonaginta
2256 3051 2391 3118 fere
2439 3071 2549 3115 an-

207 3181 439 3229 norum
487 3166 930 3244 segregantur.
1025 3162 1224 3226 Immo
1274 3161 1653 3227 coniecerim
1687 3162 2053 3229 Martialem
2095 3161 2269 3226 aliud
2302 3178 2553 3241 quoque

210 3269 548 3335 consilium
596 3286 738 3334 esse
785 3273 1105 3347 secutum3
1155 3269 1451 3334 Lucanus
1501 3270 1689 3349 enim,
1742 3287 1882 3333 cum
1913 3268 2143 3351 viginti
2190 3285 2301 3332 sex
2349 3282 2549 3329 annos

210 3383 401 3442 natus
450 3376 620 3440 diem
671 3393 1040 3457 supremum
1089 3376 1316 3457 obiret,
1365 3377 1548 3441 varia
1590 3376 1719 3440 iam
1766 3375 2133 3455 scripserat,
2194 3392 2271 3437 ex
2320 3370 2551 3451 quibus

211 3484 550 3549 Pharsalia
619 3500 876 3547 carmen
956 3484 1234 3565 epicum,
1308 3482 1391 3547 ad
1459 3482 1630 3563 quod
1714 3481 2081 3546 Martialem
2159 3478 2551 3560 spectavisse

211 3589 560 3656 verisimile
631 3592 756 3669 est,
827 3589 1045 3654 decem
1100 3589 1301 3653 libros
1356 3608 1486 3654 non
1544 3589 1639 3653 ita
1686 3595 1913 3654 tenues
1962 3587 2294 3654 continens
2342 3589 2547 3650 extat:

215 3702 440 3763 contra
489 3695 809 3776 Tibullus,
882 3698 992 3778 qui
1049 3714 1432 3779 quamquam
1481 3697 1802 3771 ‚‚iuveni3“
1852 3699 2141 3760 mortuus
2190 3697 2289 3757 est
2335 3691 2553 3755 decem

213 3808 426 3870 tamen
499 3802 634 3868 fere
704 3822 1017 3869 annorum
1088 3808 1303 3869 aetate
1375 3802 1559 3868 illum
1628 3801 2008 3884 superabat,
2068 3816 2395 3881 perpauca
2440 3798 2555 3862 sed

363 3997 410 4063 1)
445 3996 564 4050 Hoc
603 4011 928 4066 quamquam
965 3999 1125 4050 acute
1162 3996 1374 4049 iudicat
1409 3994 1619 4049 Birt-ius
1656 3994 1741 4046 vir
1785 3992 2224 4060 humanissimus,
2273 3992 2339 4045 de
2386 3991 2554 4059 signi-

215 4086 470 4140 ficatione
507 4088 689 4139 tamen
727 4086 1017 4140 verborum
1055 4086 1360 4151 „bibliopola
1389 4088 1573 4151 putat“
1609 4098 1719 4137 non
1754 4084 1907 4135 reete
1946 4082 2181 4135 sensisse
2220 4097 2339 4134 eum
2366 4079 2554 4133 Fried-

215 4174 503 4228 laenderus
541 4173 612 4227 ad
647 4174 702 4231 h.
728 4175 766 4229 1.
792 4178 919 4245 apte
957 4175 1198 4230 adnotat.

365 4264 411 4333 2)
448 4262 774 4327 Quintiliani
809 4264 1088 4332 iudicium,
1139 4277 1466 4333 quamquam
1503 4259 1693 4329 paucis
1733 4259 1890 4312 annis
1927 4259 2202 4328 posterius
2240 4258 2363 4327 fuit,
2410 4258 2554 4311 Mar-

218 4354 364 4409 tialis
403 4353 507 4407 hac
546 4354 828 4407 sententia
865 4352 1089 4406 ductum
1128 4367 1246 4405 esse
1281 4366 1392 4404 non
1425 4352 1509 4403 est
1556 4348 1702 4417 quod
1738 4348 2086 4402 coniciamus.
