<?xml version="1.0" encoding="UTF-8"?>
<!DOCTYPE html PUBLIC "-//W3C//DTD XHTML 1.0 Transitional//EN"
    "http://www.w3.org/TR/xhtml1/DTD/xhtml1-transitional.dtd">
<html xmlns="http://www.w3.org/1999/xhtml" xml:lang="en" lang="en">
 <head>
  <title>
</title>
<meta http-equiv="Content-Type" content="text/html;charset=utf-8" />
  <meta name='ocr-system' content='tesseract 3.04.00' />
  <meta name='ocr-capabilities' content='ocr_page ocr_carea ocr_par ocr_line ocrx_word'/>
</head>
<body>
  <div class='ocr_page' id='page_1' title='image "./studiatibullian01ullrgoog_0087.png"; bbox 0 0 3075 5100; ppageno 0'>
   <div class='ocr_carea' id='block_1_1' title="bbox 2456 389 2539 451">
    <p class='ocr_par' dir='ltr' id='par_1_1' title="bbox 2456 389 2539 451">
     <span class='ocr_line' id='line_1_1' title="bbox 2456 389 2539 451; baseline 0 0"><span class='ocrx_word' id='word_1_1' title='bbox 2456 389 2539 451; x_wconf 86' lang='grc'><strong>79</strong></span> 
     </span>
    </p>
   </div>
   <div class='ocr_carea' id='block_1_2' title="bbox 192 558 2542 751">
    <p class='ocr_par' dir='ltr' id='par_1_2' title="bbox 192 558 2542 751">
     <span class='ocr_line' id='line_1_2' title="bbox 192 558 2541 644; baseline 0.004 -24"><span class='ocrx_word' id='word_1_2' title='bbox 192 558 635 623; x_wconf 83' lang='lat' dir='ltr'><strong>membranam</strong></span> <span class='ocrx_word' id='word_1_3' title='bbox 680 564 818 625; x_wconf 89' lang='lat' dir='ltr'><strong>tum</strong></span> <span class='ocrx_word' id='word_1_4' title='bbox 850 559 1048 625; x_wconf 86' lang='lat' dir='ltr'><strong>fuisse</strong></span> <span class='ocrx_word' id='word_1_5' title='bbox 1089 558 1559 640; x_wconf 79' lang='lat' dir='ltr'><strong>pretiosiorem,</strong></span> <span class='ocrx_word' id='word_1_6' title='bbox 1602 560 1891 624; x_wconf 84' lang='lat' dir='ltr'><strong>viliorem</strong></span> <span class='ocrx_word' id='word_1_7' title='bbox 1922 580 2255 644; x_wconf 86' lang='lat' dir='ltr'><strong>papyrum.</strong></span> <span class='ocrx_word' id='word_1_8' title='bbox 2350 564 2541 629; x_wconf 92' lang='lat' dir='ltr'><strong>Hunc</strong></span> 
     </span>
     <span class='ocr_line' id='line_1_3' title="bbox 192 665 2542 751; baseline 0.003 -23"><span class='ocrx_word' id='word_1_9' title='bbox 192 683 483 730; x_wconf 90' lang='lat' dir='ltr'><strong>errorem</strong></span> <span class='ocrx_word' id='word_1_10' title='bbox 534 667 782 733; x_wconf 84' lang='lat' dir='ltr'><strong>evitans</strong></span> <span class='ocrx_word' id='word_1_11' title='bbox 813 665 1371 748; x_wconf 81' lang='lat' dir='ltr'><strong>FriedlaenderuS,</strong></span> <span class='ocrx_word' id='word_1_12' title='bbox 1422 685 1564 731; x_wconf 92' lang='lat' dir='ltr'><strong>cum</strong></span> <span class='ocrx_word' id='word_1_13' title='bbox 1613 666 1899 731; x_wconf 88' lang='lat' dir='ltr'><strong>ordinem</strong></span> <span class='ocrx_word' id='word_1_14' title='bbox 1935 666 1990 730; x_wconf 95' lang='lat' dir='ltr'>D</span> <span class='ocrx_word' id='word_1_15' title='bbox 2024 667 2073 731; x_wconf 93' lang='lat' dir='ltr'>P</span> <span class='ocrx_word' id='word_1_16' title='bbox 2121 669 2178 733; x_wconf 94' lang='lat' dir='ltr'>D</span> <span class='ocrx_word' id='word_1_17' title='bbox 2211 669 2262 733; x_wconf 92' lang='lat' dir='ltr'>P</span> <span class='ocrx_word' id='word_1_18' title='bbox 2316 671 2542 751; x_wconf 90' lang='lat' dir='ltr'><strong>utique</strong></span> 
     </span>
    </p>
   </div>
   <div class='ocr_carea' id='block_1_3' title="bbox 1930 758 2270 787">
    <p class='ocr_par' dir='ltr' id='par_1_3' title="bbox 1930 758 2270 787">
     <span class='ocr_line' id='line_1_4' title="bbox 1930 758 2270 787; baseline 0.006 -11"><span class='ocrx_word' id='word_1_19' title='bbox 1930 758 2270 787; x_wconf 37' lang='grc' dir='ltr'><strong>ψῃ</strong></span> 
     </span>
    </p>
   </div>
   <div class='ocr_carea' id='block_1_4' title="bbox 185 790 2541 1197">
    <p class='ocr_par' dir='ltr' id='par_1_4' title="bbox 185 790 2541 1197">
     <span class='ocr_line' id='line_1_5' title="bbox 190 790 2538 874; baseline 0.002 -20"><span class='ocrx_word' id='word_1_20' title='bbox 190 792 584 855; x_wconf 89' lang='lat' dir='ltr'><strong>servandum</strong></span> <span class='ocrx_word' id='word_1_21' title='bbox 633 811 774 857; x_wconf 89' lang='lat' dir='ltr'><strong>esse</strong></span> <span class='ocrx_word' id='word_1_22' title='bbox 830 795 1123 857; x_wconf 83' lang='lat' dir='ltr'><strong>censeret</strong></span> <span class='ocrx_word' id='word_1_23' title='bbox 1170 810 1377 872; x_wconf 90' lang='lat' dir='ltr'><strong>neque</strong></span> <span class='ocrx_word' id='word_1_24' title='bbox 1425 790 1551 854; x_wconf 84' lang='lat' dir='ltr'><strong>sibi</strong></span> <span class='ocrx_word' id='word_1_25' title='bbox 1596 793 1987 872; x_wconf 84' lang='lat' dir='ltr'><strong>persuadere</strong></span> <span class='ocrx_word' id='word_1_26' title='bbox 2034 799 2257 874; x_wconf 91' lang='lat' dir='ltr'><strong>posset</strong></span> <span class='ocrx_word' id='word_1_27' title='bbox 2304 794 2538 859; x_wconf 91' lang='lat' dir='ltr'><strong>seriem</strong></span> 
     </span>
     <span class='ocr_line' id='line_1_6' title="bbox 189 897 2541 979; baseline 0.002 -19"><span class='ocrx_word' id='word_1_28' title='bbox 189 916 334 962; x_wconf 91' lang='lat' dir='ltr'><strong>esse</strong></span> <span class='ocrx_word' id='word_1_29' title='bbox 383 897 664 979; x_wconf 82' lang='lat' dir='ltr'><strong>plenam,</strong></span> <span class='ocrx_word' id='word_1_30' title='bbox 737 900 803 963; x_wconf 91' lang='lat' dir='ltr'><strong>in</strong></span> <span class='ocrx_word' id='word_1_31' title='bbox 859 899 1056 963; x_wconf 89' lang='lat' dir='ltr'><strong>alium</strong></span> <span class='ocrx_word' id='word_1_32' title='bbox 1111 903 1328 962; x_wconf 91' lang='lat' dir='ltr'><strong>tamen</strong></span> <span class='ocrx_word' id='word_1_33' title='bbox 1384 897 1641 976; x_wconf 89' lang='lat' dir='ltr'><strong>recidit;</strong></span> <span class='ocrx_word' id='word_1_34' title='bbox 1717 899 2031 963; x_wconf 89' lang='lat' dir='ltr'><strong>rationem</strong></span> <span class='ocrx_word' id='word_1_35' title='bbox 2089 904 2305 964; x_wconf 88' lang='lat' dir='ltr'><strong>autem</strong></span> <span class='ocrx_word' id='word_1_36' title='bbox 2369 901 2541 966; x_wconf 86' lang='lat' dir='ltr'><strong>inter</strong></span> 
     </span>
     <span class='ocr_line' id='line_1_7' title="bbox 187 1003 2538 1089; baseline 0.001 -20"><span class='ocrx_word' id='word_1_37' title='bbox 187 1004 414 1070; x_wconf 90' lang='lat' dir='ltr'><strong>divitis</strong></span> <span class='ocrx_word' id='word_1_38' title='bbox 449 1010 518 1070; x_wconf 92' lang='lat' dir='ltr'><strong>et</strong></span> <span class='ocrx_word' id='word_1_39' title='bbox 561 1005 868 1086; x_wconf 91' lang='lat' dir='ltr'><strong>pauperis</strong></span> <span class='ocrx_word' id='word_1_40' title='bbox 901 1005 1069 1069; x_wconf 88' lang='lat' dir='ltr'><strong>dona</strong></span> <span class='ocrx_word' id='word_1_41' title='bbox 1101 1004 1424 1084; x_wconf 89' lang='lat' dir='ltr'><strong>iudicavit,</strong></span> <span class='ocrx_word' id='word_1_42' title='bbox 1473 1003 1691 1085; x_wconf 88' lang='lat' dir='ltr'><strong>aliqua</strong></span> <span class='ocrx_word' id='word_1_43' title='bbox 1724 1023 1800 1069; x_wconf 88' lang='lat' dir='ltr'><strong>ex</strong></span> <span class='ocrx_word' id='word_1_44' title='bbox 1845 1011 2034 1086; x_wconf 89' lang='lat' dir='ltr'><strong>parte</strong></span> <span class='ocrx_word' id='word_1_45' title='bbox 2076 1011 2271 1089; x_wconf 89' lang='lat' dir='ltr'><strong>recte,</strong></span> <span class='ocrx_word' id='word_1_46' title='bbox 2304 1027 2538 1088; x_wconf 77' lang='lat' dir='ltr'><strong>quam·</strong></span> 
     </span>
     <span class='ocr_line' id='line_1_8' title="bbox 185 1110 2537 1197; baseline 0.001 -21"><span class='ocrx_word' id='word_1_47' title='bbox 185 1131 386 1193; x_wconf 91' lang='lat' dir='ltr'><strong>quam</strong></span> <span class='ocrx_word' id='word_1_48' title='bbox 432 1116 858 1194; x_wconf 82' lang='lat' dir='ltr'><strong>transponere</strong></span> <span class='ocrx_word' id='word_1_49' title='bbox 897 1131 1025 1177; x_wconf 90' lang='lat' dir='ltr'><strong>non</strong></span> <span class='ocrx_word' id='word_1_50' title='bbox 1068 1112 1310 1194; x_wconf 90' lang='lat' dir='ltr'><strong>debuit,</strong></span> <span class='ocrx_word' id='word_1_51' title='bbox 1358 1111 1759 1178; x_wconf 86' lang='lat' dir='ltr'><strong>intercedere</strong></span> <span class='ocrx_word' id='word_1_52' title='bbox 1806 1110 1971 1176; x_wconf 89' lang='lat' dir='ltr'><strong>hanc</strong></span> <span class='ocrx_word' id='word_1_53' title='bbox 2019 1112 2155 1196; x_wconf 89' lang='grc'><strong>(1.1.</strong></span> <span class='ocrx_word' id='word_1_54' title='bbox 2192 1134 2255 1196; x_wconf 87' lang='lat' dir='ltr'><strong>p.</strong></span> <span class='ocrx_word' id='word_1_55' title='bbox 2292 1112 2537 1197; x_wconf 87' lang='lat'>300):¹)</span> 
     </span>
    </p>
   </div>
   <div class='ocr_carea' id='block_1_5' title="bbox 191 1359 2536 1872">
    <p class='ocr_par' dir='ltr' id='par_1_5' title="bbox 196 1359 2536 1550">
     <span class='ocr_line' id='line_1_9' title="bbox 196 1359 2536 1464; baseline 0.001 -23"><span class='ocrx_word' id='word_1_56' title='bbox 196 1380 348 1444; x_wconf 87' lang='lat'><strong>184.</strong></span> <span class='ocrx_word' id='word_1_57' title='bbox 402 1379 720 1443; x_wconf 81' lang='lat' dir='ltr'><strong>Homerus</strong></span> <span class='ocrx_word' id='word_1_58' title='bbox 776 1379 844 1442; x_wconf 92' lang='lat' dir='ltr'><strong>in</strong></span> <span class='ocrx_word' id='word_1_59' title='bbox 890 1379 1311 1464; x_wconf 69' lang='lat' dir='ltr'><strong>puyillaribus</strong></span> <span class='ocrx_word' id='word_1_60' title='bbox 1427 1377 1573 1443; x_wconf 90' lang='grc'><strong>183.</strong></span> <span class='ocrx_word' id='word_1_61' title='bbox 1622 1377 1890 1442; x_wconf 80' lang='lat' dir='ltr'><strong>Homeri</strong></span> <span class='ocrx_word' id='word_1_62' title='bbox 1937 1359 2536 1463; x_wconf 68' lang='lat' dir='ltr'><strong>Batrachomyoma-</strong></span> 
     </span>
     <span class='ocr_line' id='line_1_10' title="bbox 461 1485 1847 1550; baseline 0 0"><span class='ocrx_word' id='word_1_63' title='bbox 461 1485 858 1550; x_wconf 73' lang='lat' dir='ltr'><strong>membranis,</strong></span> <span class='ocrx_word' id='word_1_64' title='bbox 1691 1485 1847 1550; x_wconf 74' lang='lat' dir='ltr'><strong>aliia</strong></span> 
     </span>
    </p>

    <p class='ocr_par' dir='ltr' id='par_1_6' title="bbox 192 1591 2118 1677">
     <span class='ocr_line' id='line_1_11' title="bbox 192 1591 2118 1677; baseline 0.001 -23"><span class='ocrx_word' id='word_1_65' title='bbox 192 1594 341 1657; x_wconf 90' lang='grc'><strong>186.</strong></span> <span class='ocrx_word' id='word_1_66' title='bbox 416 1592 718 1676; x_wconf 75' lang='lat' dir='ltr'><strong>Veryilius</strong></span> <span class='ocrx_word' id='word_1_67' title='bbox 765 1593 836 1655; x_wconf 91' lang='lat' dir='ltr'><strong>in</strong></span> <span class='ocrx_word' id='word_1_68' title='bbox 881 1592 1276 1656; x_wconf 71' lang='lat' dir='ltr'><strong>membranis.</strong></span> <span class='ocrx_word' id='word_1_69' title='bbox 1430 1591 1571 1654; x_wconf 86' lang='lat'><strong>185.</strong></span> <span class='ocrx_word' id='word_1_70' title='bbox 1643 1591 1868 1677; x_wconf 83' lang='lat' dir='ltr'><strong>Ver9ili</strong></span> <span class='ocrx_word' id='word_1_71' title='bbox 1915 1593 2118 1658; x_wconf 72' lang='lat' dir='ltr'><strong>Culeoe.</strong></span> 
     </span>
    </p>

    <p class='ocr_par' dir='ltr' id='par_1_7' title="bbox 1428 1698 2266 1784">
     <span class='ocr_line' id='line_1_12' title="bbox 1428 1698 2266 1784; baseline 0.002 -24"><span class='ocrx_word' id='word_1_72' title='bbox 1428 1698 1573 1762; x_wconf 85' lang='lat'><strong>187.</strong></span> <span class='ocrx_word' id='word_1_73' title='bbox 1630 1699 2035 1784; x_wconf 77' lang='grc' dir='ltr'><em>Μενάνδρου</em></span> <span class='ocrx_word' id='word_1_74' title='bbox 2084 1701 2266 1774; x_wconf 72' lang='grc' dir='ltr'><strong>Θαῒς.</strong></span> 
     </span>
    </p>

    <p class='ocr_par' dir='ltr' id='par_1_8' title="bbox 191 1804 1849 1872">
     <span class='ocr_line' id='line_1_13' title="bbox 191 1804 1849 1872; baseline 0.002 -4"><span class='ocrx_word' id='word_1_75' title='bbox 191 1806 343 1871; x_wconf 85' lang='grc'><strong>188.</strong></span> <span class='ocrx_word' id='word_1_76' title='bbox 398 1804 609 1870; x_wconf 84' lang='lat' dir='ltr'><strong>Cicero</strong></span> <span class='ocrx_word' id='word_1_77' title='bbox 655 1807 724 1868; x_wconf 92' lang='lat' dir='ltr'><strong>in</strong></span> <span class='ocrx_word' id='word_1_78' title='bbox 769 1804 1166 1872; x_wconf 78' lang='lat' dir='ltr'><strong>membranis.</strong></span> <span class='ocrx_word' id='word_1_79' title='bbox 1768 1845 1849 1851; x_wconf 86' lang='lat'>—</span> 
     </span>
    </p>
   </div>
   <div class='ocr_carea' id='block_1_6' title="bbox 1427 1912 2374 1999">
    <p class='ocr_par' dir='ltr' id='par_1_9' title="bbox 1427 1912 2374 1999">
     <span class='ocr_line' id='line_1_14' title="bbox 1427 1912 2374 1999; baseline 0.002 -25"><span class='ocrx_word' id='word_1_80' title='bbox 1427 1913 1569 1975; x_wconf 88' lang='lat'><strong>189.</strong></span> <span class='ocrx_word' id='word_1_81' title='bbox 1621 1912 2013 1977; x_wconf 87' lang='lat' dir='ltr'><strong>Monobiblos</strong></span> <span class='ocrx_word' id='word_1_82' title='bbox 2058 1914 2374 1999; x_wconf 77' lang='lat' dir='ltr'><strong>Properti.</strong></span> 
     </span>
    </p>
   </div>
   <div class='ocr_carea' id='block_1_7' title="bbox 540 1736 961 1744">
    <p class='ocr_par' dir='ltr' id='par_1_10' title="bbox 540 1736 961 1744">
     <span class='ocr_line' id='line_1_15' title="bbox 540 1736 961 1744; baseline 0 3356"><span class='ocrx_word' id='word_1_83' title='bbox 540 1736 961 1744; x_wconf 95' lang='lat' dir='ltr'><strong> </strong></span> 
     </span>
    </p>
   </div>
   <div class='ocr_carea' id='block_1_8' title="bbox 1850 1845 2189 1853">
    <p class='ocr_par' dir='ltr' id='par_1_11' title="bbox 1850 1845 2189 1853">
     <span class='ocr_line' id='line_1_16' title="bbox 1850 1845 2189 1853; baseline 0 3247"><span class='ocrx_word' id='word_1_84' title='bbox 1850 1845 2189 1853; x_wconf 95' lang='lat' dir='ltr'><strong> </strong></span> 
     </span>
    </p>
   </div>
   <div class='ocr_carea' id='block_1_9' title="bbox 539 1948 966 1959">
    <p class='ocr_par' dir='ltr' id='par_1_12' title="bbox 539 1948 966 1959">
     <span class='ocr_line' id='line_1_17' title="bbox 539 1948 966 1959; baseline 0 0"><span class='ocrx_word' id='word_1_85' title='bbox 539 1948 966 1959; x_wconf 95' lang='lat' dir='ltr'><strong> </strong></span> 
     </span>
    </p>
   </div>
   <div class='ocr_carea' id='block_1_10' title="bbox 191 2018 2538 2531">
    <p class='ocr_par' dir='ltr' id='par_1_13' title="bbox 191 2018 2538 2531">
     <span class='ocr_line' id='line_1_18' title="bbox 195 2018 1973 2085; baseline 0.002 -5"><span class='ocrx_word' id='word_1_86' title='bbox 195 2023 214 2080; x_wconf 93' lang='lat'><strong>1</strong></span> <span class='ocrx_word' id='word_1_87' title='bbox 233 2021 342 2084; x_wconf 82' lang='lat'><strong>90.</strong></span> <span class='ocrx_word' id='word_1_88' title='bbox 405 2020 579 2082; x_wconf 81' lang='lat' dir='ltr'><strong>Titus</strong></span> <span class='ocrx_word' id='word_1_89' title='bbox 591 2019 814 2082; x_wconf 78' lang='lat' dir='ltr'><strong>Livius</strong></span> <span class='ocrx_word' id='word_1_90' title='bbox 828 2021 895 2082; x_wconf 90' lang='lat' dir='ltr'><strong>in</strong></span> <span class='ocrx_word' id='word_1_91' title='bbox 911 2020 1304 2085; x_wconf 78' lang='lat' dir='ltr'><strong>membranis,</strong></span> <span class='ocrx_word' id='word_1_92' title='bbox 1426 2019 1542 2081; x_wconf 87' lang='lat'><strong>191</strong></span> <span class='ocrx_word' id='word_1_93' title='bbox 1558 2070 1571 2082; x_wconf 94' lang='lat'><strong>.</strong></span> <span class='ocrx_word' id='word_1_94' title='bbox 1618 2018 1973 2084; x_wconf 80' lang='lat' dir='ltr'><strong>Sallustius.</strong></span> 
     </span>
     <span class='ocr_line' id='line_1_19' title="bbox 191 2125 1934 2212; baseline 0 -24"><span class='ocrx_word' id='word_1_95' title='bbox 191 2128 340 2190; x_wconf 83' lang='lat'><strong>192.</strong></span> <span class='ocrx_word' id='word_1_96' title='bbox 395 2125 608 2190; x_wconf 83' lang='lat' dir='ltr'><strong>Ovidii</strong></span> <span class='ocrx_word' id='word_1_97' title='bbox 653 2126 1183 2212; x_wconf 72' lang='lat' dir='ltr'><strong>Metamorphoses</strong></span> <span class='ocrx_word' id='word_1_98' title='bbox 1240 2126 1310 2187; x_wconf 90' lang='lat' dir='ltr'><strong>in</strong></span> <span class='ocrx_word' id='word_1_99' title='bbox 1425 2125 1572 2190; x_wconf 83' lang='lat'><strong>193.</strong></span> <span class='ocrx_word' id='word_1_100' title='bbox 1633 2126 1934 2189; x_wconf 74' lang='lat' dir='ltr'><strong>Tibullus.</strong></span> 
     </span>
     <span class='ocr_line' id='line_1_20' title="bbox 459 2234 856 2298; baseline 0.005 -3"><span class='ocrx_word' id='word_1_101' title='bbox 459 2234 856 2298; x_wconf 86' lang='lat' dir='ltr'><strong>membranis.</strong></span> 
     </span>
     <span class='ocr_line' id='line_1_21' title="bbox 193 2337 1917 2405; baseline 0.002 -4"><span class='ocrx_word' id='word_1_102' title='bbox 193 2339 344 2405; x_wconf 88' lang='lat'><strong>194.</strong></span> <span class='ocrx_word' id='word_1_103' title='bbox 394 2337 714 2405; x_wconf 79' lang='lat' dir='ltr'><strong>Lucanus.</strong></span> <span class='ocrx_word' id='word_1_104' title='bbox 1423 2339 1568 2403; x_wconf 87' lang='lat'><strong>195.</strong></span> <span class='ocrx_word' id='word_1_105' title='bbox 1622 2338 1917 2405; x_wconf 81' lang='lat' dir='ltr'><strong>Catullus.</strong></span> 
     </span>
     <span class='ocr_line' id='line_1_22' title="bbox 1334 2443 2538 2531; baseline 0.002 -26"><span class='ocrx_word' id='word_1_106' title='bbox 1334 2466 1339 2471; x_wconf 91' lang='lat'><strong>·</strong></span> <span class='ocrx_word' id='word_1_107' title='bbox 1422 2445 1567 2510; x_wconf 89' lang='lat'><strong>196.</strong></span> <span class='ocrx_word' id='word_1_108' title='bbox 1623 2443 1795 2510; x_wconf 88' lang='lat' dir='ltr'><strong>Calvi</strong></span> <span class='ocrx_word' id='word_1_109' title='bbox 1858 2447 1933 2510; x_wconf 83' lang='lat' dir='ltr'><strong>cle</strong></span> <span class='ocrx_word' id='word_1_110' title='bbox 1998 2468 2200 2531; x_wconf 82' lang='lat' dir='ltr'><strong>aquae</strong></span> <span class='ocrx_word' id='word_1_111' title='bbox 2265 2446 2538 2530; x_wconf 69' lang='lat' dir='ltr'><strong>friyiclae</strong></span> 
     </span>
    </p>
   </div>
   <div class='ocr_carea' id='block_1_11' title="bbox 542 2483 946 2494">
    <p class='ocr_par' dir='ltr' id='par_1_14' title="bbox 542 2483 946 2494">
     <span class='ocr_line' id='line_1_23' title="bbox 542 2483 946 2494; baseline 0 2606"><span class='ocrx_word' id='word_1_112' title='bbox 542 2483 946 2494; x_wconf 95' lang='lat' dir='ltr'><strong> </strong></span> 
     </span>
    </p>
   </div>
   <div class='ocr_carea' id='block_1_12' title="bbox 183 2577 2535 3593">
    <p class='ocr_par' dir='ltr' id='par_1_15' title="bbox 1681 2577 1815 2618">
     <span class='ocr_line' id='line_1_24' title="bbox 1681 2577 1815 2618; baseline 0.022 -3"><span class='ocrx_word' id='word_1_113' title='bbox 1681 2577 1815 2618; x_wconf 67' lang='lat' dir='ltr'><strong>ussu.</strong></span> 
     </span>
    </p>

    <p class='ocr_par' dir='ltr' id='par_1_16' title="bbox 183 2656 2535 3060">
     <span class='ocr_line' id='line_1_25' title="bbox 363 2656 2535 2741; baseline 0 -18"><span class='ocrx_word' id='word_1_114' title='bbox 363 2658 588 2724; x_wconf 85' lang='lat' dir='ltr'><strong>Critici</strong></span> <span class='ocrx_word' id='word_1_115' title='bbox 643 2659 980 2740; x_wconf 88' lang='lat' dir='ltr'><strong>utriusque</strong></span> <span class='ocrx_word' id='word_1_116' title='bbox 1038 2663 1449 2738; x_wconf 88' lang='lat' dir='ltr'><strong>conspectum</strong></span> <span class='ocrx_word' id='word_1_117' title='bbox 1508 2660 1819 2741; x_wconf 85' lang='lat' dir='ltr'><strong>exscripsi</strong></span> <span class='ocrx_word' id='word_1_118' title='bbox 1876 2678 2002 2740; x_wconf 90' lang='lat' dir='ltr'><strong>quo</strong></span> <span class='ocrx_word' id='word_1_119' title='bbox 2058 2656 2310 2723; x_wconf 83' lang='lat' dir='ltr'><strong>facilius</strong></span> <span class='ocrx_word' id='word_1_120' title='bbox 2367 2677 2535 2739; x_wconf 91' lang='lat' dir='ltr'><strong>quae</strong></span> 
     </span>
     <span class='ocr_line' id='line_1_26' title="bbox 183 2764 2535 2846; baseline 0 -19"><span class='ocrx_word' id='word_1_121' title='bbox 183 2766 356 2829; x_wconf 87' lang='lat' dir='ltr'><strong>inter</strong></span> <span class='ocrx_word' id='word_1_122' title='bbox 387 2765 578 2846; x_wconf 89' lang='lat' dir='ltr'><strong>paria</strong></span> <span class='ocrx_word' id='word_1_123' title='bbox 608 2765 1028 2831; x_wconf 87' lang='lat' dir='ltr'><strong>distichorum</strong></span> <span class='ocrx_word' id='word_1_124' title='bbox 1061 2764 1468 2831; x_wconf 87' lang='lat' dir='ltr'><strong>intercedant</strong></span> <span class='ocrx_word' id='word_1_125' title='bbox 1498 2766 1785 2830; x_wconf 86' lang='lat' dir='ltr'><strong>rationes</strong></span> <span class='ocrx_word' id='word_1_126' title='bbox 1813 2765 2252 2829; x_wconf 85' lang='lat' dir='ltr'><strong>examinantes</strong></span> <span class='ocrx_word' id='word_1_127' title='bbox 2284 2764 2535 2829; x_wconf 89' lang='lat' dir='ltr'><strong>intuea-</strong></span> 
     </span>
     <span class='ocr_line' id='line_1_27' title="bbox 183 2869 2531 2963; baseline 0.001 -29"><span class='ocrx_word' id='word_1_128' title='bbox 183 2889 344 2935; x_wconf 91' lang='lat' dir='ltr'><strong>mur.</strong></span> <span class='ocrx_word' id='word_1_129' title='bbox 448 2872 523 2935; x_wconf 93' lang='lat' dir='ltr'><strong>In</strong></span> <span class='ocrx_word' id='word_1_130' title='bbox 571 2877 850 2953; x_wconf 87' lang='lat' dir='ltr'><strong>utroque</strong></span> <span class='ocrx_word' id='word_1_131' title='bbox 897 2876 1112 2937; x_wconf 88' lang='lat' dir='ltr'><strong>autem</strong></span> <span class='ocrx_word' id='word_1_132' title='bbox 1160 2875 1340 2936; x_wconf 89' lang='lat' dir='ltr'><strong>recta</strong></span> <span class='ocrx_word' id='word_1_133' title='bbox 1396 2869 1690 2953; x_wconf 89' lang='lat' dir='ltr'><strong>falsaque</strong></span> <span class='ocrx_word' id='word_1_134' title='bbox 1746 2872 1949 2936; x_wconf 84' lang='lat' dir='ltr'><strong>mixta</strong></span> <span class='ocrx_word' id='word_1_135' title='bbox 2005 2871 2305 2963; x_wconf 81' lang='lat' dir='ltr'><strong>videntur</strong></span> <span class='ocrx_word' id='word_1_136' title='bbox 2363 2888 2531 2951; x_wconf 86' lang='lat' dir='ltr'><strong>esse3</strong></span> 
     </span>
     <span class='ocr_line' id='line_1_28' title="bbox 186 2977 2530 3060; baseline 0.001 -19"><span class='ocrx_word' id='word_1_137' title='bbox 186 2996 348 3057; x_wconf 90' lang='lat' dir='ltr'><strong>quae</strong></span> <span class='ocrx_word' id='word_1_138' title='bbox 395 2978 696 3059; x_wconf 89' lang='lat' dir='ltr'><strong>equidem</strong></span> <span class='ocrx_word' id='word_1_139' title='bbox 728 2977 1082 3044; x_wconf 89' lang='lat' dir='ltr'><strong>diiudicare</strong></span> <span class='ocrx_word' id='word_1_140' title='bbox 1115 2997 1188 3044; x_wconf 90' lang='lat' dir='ltr'><strong>eo</strong></span> <span class='ocrx_word' id='word_1_141' title='bbox 1223 2979 1332 3060; x_wconf 89' lang='lat' dir='ltr'><strong>qui</strong></span> <span class='ocrx_word' id='word_1_142' title='bbox 1364 2979 1648 3043; x_wconf 89' lang='lat' dir='ltr'><strong>traditur</strong></span> <span class='ocrx_word' id='word_1_143' title='bbox 1681 2978 1906 3044; x_wconf 90' lang='lat' dir='ltr'><strong>ordine</strong></span> <span class='ocrx_word' id='word_1_144' title='bbox 1939 2983 2194 3043; x_wconf 90' lang='lat' dir='ltr'><strong>servato</strong></span> <span class='ocrx_word' id='word_1_145' title='bbox 2230 2977 2530 3044; x_wconf 88' lang='lat' dir='ltr'><strong>conabor.</strong></span> 
     </span>
    </p>

    <p class='ocr_par' dir='ltr' id='par_1_17' title="bbox 184 3083 2533 3593">
     <span class='ocr_line' id='line_1_29' title="bbox 361 3083 2533 3167; baseline -0 -18"><span class='ocrx_word' id='word_1_146' title='bbox 361 3085 626 3150; x_wconf 88' lang='lat' dir='ltr'><strong>Initium</strong></span> <span class='ocrx_word' id='word_1_147' title='bbox 673 3086 848 3167; x_wconf 88' lang='lat' dir='ltr'><strong>capit</strong></span> <span class='ocrx_word' id='word_1_148' title='bbox 881 3084 1094 3167; x_wconf 86' lang='lat' dir='ltr'><strong>cyclus</strong></span> <span class='ocrx_word' id='word_1_149' title='bbox 1141 3104 1181 3149; x_wconf 90' lang='lat' dir='ltr'><strong>a</strong></span> <span class='ocrx_word' id='word_1_150' title='bbox 1226 3085 1498 3167; x_wconf 87' lang='lat' dir='ltr'><strong>singulis</strong></span> <span class='ocrx_word' id='word_1_151' title='bbox 1530 3085 1823 3150; x_wconf 89' lang='lat' dir='ltr'><strong>distichis</strong></span> <span class='ocrx_word' id='word_1_152' title='bbox 1872 3102 2038 3165; x_wconf 88' lang='lat' dir='ltr'><strong>quae</strong></span> <span class='ocrx_word' id='word_1_153' title='bbox 2068 3083 2150 3148; x_wconf 90' lang='lat' dir='ltr'><strong>ad</strong></span> <span class='ocrx_word' id='word_1_154' title='bbox 2181 3084 2533 3149; x_wconf 89' lang='lat' dir='ltr'><strong>Homerum</strong></span> 
     </span>
     <span class='ocr_line' id='line_1_30' title="bbox 185 3190 2531 3274; baseline 0 -19"><span class='ocrx_word' id='word_1_155' title='bbox 185 3197 483 3274; x_wconf 90' lang='lat' dir='ltr'><strong>spectant</strong></span> <span class='ocrx_word' id='word_1_156' title='bbox 519 3210 779 3257; x_wconf 88' lang='lat' dir='ltr'><strong>-—-nam</strong></span> <span class='ocrx_word' id='word_1_157' title='bbox 811 3190 1597 3274; x_wconf 87' lang='lat' dir='ltr'><strong>Batrachomyomachiam</strong></span> <span class='ocrx_word' id='word_1_158' title='bbox 1629 3192 1894 3256; x_wconf 89' lang='lat' dir='ltr'><strong>Homeri</strong></span> <span class='ocrx_word' id='word_1_159' title='bbox 1941 3210 2083 3258; x_wconf 90' lang='lat' dir='ltr'><strong>esse</strong></span> <span class='ocrx_word' id='word_1_160' title='bbox 2128 3195 2266 3256; x_wconf 90' lang='lat' dir='ltr'><strong>tum</strong></span> <span class='ocrx_word' id='word_1_161' title='bbox 2315 3192 2531 3256; x_wconf 89' lang='lat' dir='ltr'><strong>crede-</strong></span> 
     </span>
     <span class='ocr_line' id='line_1_31' title="bbox 185 3298 2531 3379; baseline -0.001 -15"><span class='ocrx_word' id='word_1_162' title='bbox 185 3300 341 3365; x_wconf 91' lang='lat' dir='ltr'><strong>bant</strong></span> <span class='ocrx_word' id='word_1_163' title='bbox 389 3335 475 3344; x_wconf 94' lang='lat'>—</span> <span class='ocrx_word' id='word_1_164' title='bbox 525 3302 903 3379; x_wconf 89' lang='lat' dir='ltr'><strong>sequuntur,</strong></span> <span class='ocrx_word' id='word_1_165' title='bbox 954 3316 1120 3378; x_wconf 88' lang='lat' dir='ltr'><strong>quae</strong></span> <span class='ocrx_word' id='word_1_166' title='bbox 1168 3298 1641 3379; x_wconf 73' lang='lat' dir='ltr'><strong>advergilium</strong></span> <span class='ocrx_word' id='word_1_167' title='bbox 1689 3298 1963 3379; x_wconf 83' lang='lat' dir='ltr'><strong>singula,</strong></span> <span class='ocrx_word' id='word_1_168' title='bbox 2012 3298 2108 3363; x_wconf 88' lang='lat' dir='ltr'><strong>ita</strong></span> <span class='ocrx_word' id='word_1_169' title='bbox 2154 3299 2411 3379; x_wconf 89' lang='lat' dir='ltr'><strong>quidem</strong></span> <span class='ocrx_word' id='word_1_170' title='bbox 2458 3303 2531 3363; x_wconf 89' lang='lat' dir='ltr'><strong>ut</strong></span> 
     </span>
     <span class='ocr_line' id='line_1_32' title="bbox 184 3404 2526 3489; baseline 0 -20"><span class='ocrx_word' id='word_1_171' title='bbox 184 3406 414 3470; x_wconf 90' lang='lat' dir='ltr'><strong>minori</strong></span> <span class='ocrx_word' id='word_1_172' title='bbox 489 3406 669 3489; x_wconf 90' lang='lat' dir='ltr'><strong>operi</strong></span> <span class='ocrx_word' id='word_1_173' title='bbox 729 3409 796 3470; x_wconf 92' lang='lat' dir='ltr'><strong>et</strong></span> <span class='ocrx_word' id='word_1_174' title='bbox 848 3404 1063 3469; x_wconf 89' lang='lat' dir='ltr'><strong>viliori</strong></span> <span class='ocrx_word' id='word_1_175' title='bbox 1131 3405 1338 3469; x_wconf 90' lang='lat' dir='ltr'><strong>maius</strong></span> <span class='ocrx_word' id='word_1_176' title='bbox 1407 3404 1887 3487; x_wconf 88' lang='lat' dir='ltr'><strong>pretiosiusque</strong></span> <span class='ocrx_word' id='word_1_177' title='bbox 1960 3410 2325 3487; x_wconf 87' lang='lat' dir='ltr'><strong>opponatur</strong></span> <span class='ocrx_word' id='word_1_178' title='bbox 2392 3404 2526 3487; x_wconf 89' lang='lat' dir='ltr'><strong>(nn.</strong></span> 
     </span>
     <span class='ocr_line' id='line_1_33' title="bbox 193 3511 597 3593; baseline 0.002 -18"><span class='ocrx_word' id='word_1_179' title='bbox 193 3511 597 3593; x_wconf 83' lang='lat'>183—186):</span> 
     </span>
    </p>
   </div>
   <div class='ocr_carea' id='block_1_13' title="bbox 189 3650 2524 4077">
    <p class='ocr_par' dir='ltr' id='par_1_18' title="bbox 189 3650 2524 4077">
     <span class='ocr_line' id='line_1_34' title="bbox 714 3650 1993 3718; baseline -0.001 0"><span class='ocrx_word' id='word_1_180' title='bbox 714 3652 774 3718; x_wconf 91' lang='lat' dir='ltr'>P</span> <span class='ocrx_word' id='word_1_181' title='bbox 1934 3650 1993 3717; x_wconf 85' lang='lat' dir='ltr'><strong>I)</strong></span> 
     </span>
     <span class='ocr_line' id='line_1_35' title="bbox 190 3650 2524 3863; baseline -0.001 -22"><span class='ocrx_word' id='word_1_182' title='bbox 190 3779 329 3842; x_wconf 88' lang='lat'><strong>183.</strong></span> <span class='ocrx_word' id='word_1_183' title='bbox 379 3776 649 3841; x_wconf 90' lang='lat' dir='ltr'><strong>Homeri</strong></span> <span class='ocrx_word' id='word_1_184' title='bbox 684 3651 1210 3863; x_wconf 48' lang='lat' dir='ltr'><strong>(Bbtraohomyo-</strong></span> <span class='ocrx_word' id='word_1_185' title='bbox 1417 3778 1561 3842; x_wconf 83' lang='lat'><strong>184.</strong></span> <span class='ocrx_word' id='word_1_186' title='bbox 1612 3650 1930 3842; x_wconf 55' lang='lat' dir='ltr'><strong>Homerus}</strong></span> <span class='ocrx_word' id='word_1_187' title='bbox 1980 3652 2049 3840; x_wconf 58' lang='lat' dir='ltr'><strong>gn</strong></span> <span class='ocrx_word' id='word_1_188' title='bbox 2099 3776 2524 3862; x_wconf 70' lang='lat' dir='ltr'><strong>puyillaribus</strong></span> 
     </span>
     <span class='ocr_line' id='line_1_36' title="bbox 447 3884 2071 3951; baseline 0.001 -4"><span class='ocrx_word' id='word_1_189' title='bbox 447 3884 710 3951; x_wconf 77' lang='lat' dir='ltr'><strong>machia.</strong></span> <span class='ocrx_word' id='word_1_190' title='bbox 1675 3884 2071 3949; x_wconf 88' lang='lat' dir='ltr'><strong>membranis.</strong></span> 
     </span>
     <span class='ocr_line' id='line_1_37' title="bbox 189 3988 2485 4077; baseline -0 -23"><span class='ocrx_word' id='word_1_191' title='bbox 189 3992 330 4056; x_wconf 89' lang='lat'><strong>185.</strong></span> <span class='ocrx_word' id='word_1_192' title='bbox 409 3990 631 4075; x_wconf 70' lang='lat' dir='ltr'><strong>Veryili</strong></span> <span class='ocrx_word' id='word_1_193' title='bbox 679 3988 883 4058; x_wconf 73' lang='lat' dir='ltr'><strong>Culex.</strong></span> <span class='ocrx_word' id='word_1_194' title='bbox 1414 3992 1559 4056; x_wconf 89' lang='lat'><strong>186.</strong></span> <span class='ocrx_word' id='word_1_195' title='bbox 1628 3990 1927 4077; x_wconf 72' lang='lat' dir='ltr'><strong>Verqilius</strong></span> <span class='ocrx_word' id='word_1_196' title='bbox 1972 3993 2042 4056; x_wconf 93' lang='lat' dir='ltr'><strong>in</strong></span> <span class='ocrx_word' id='word_1_197' title='bbox 2087 3991 2485 4055; x_wconf 87' lang='lat' dir='ltr'><strong>membranis.</strong></span> 
     </span>
    </p>
   </div>
   <div class='ocr_carea' id='block_1_14' title="bbox 181 4186 605 4197">
    <p class='ocr_par' dir='ltr' id='par_1_19' title="bbox 181 4186 605 4197">
     <span class='ocr_line' id='line_1_38' title="bbox 181 4186 605 4197; baseline 0 903"><span class='ocrx_word' id='word_1_198' title='bbox 181 4186 605 4197; x_wconf 95' lang='lat' dir='ltr'><strong> </strong></span> 
     </span>
    </p>
   </div>
   <div class='ocr_carea' id='block_1_15' title="bbox 331 4288 2419 4360">
    <p class='ocr_par' dir='ltr' id='par_1_20' title="bbox 331 4288 2419 4360">
     <span class='ocr_line' id='line_1_39' title="bbox 331 4288 2419 4360; baseline -0.001 -17"><span class='ocrx_word' id='word_1_199' title='bbox 331 4291 376 4359; x_wconf 89' lang='lat'><strong>¹)</strong></span> <span class='ocrx_word' id='word_1_200' title='bbox 413 4290 589 4343; x_wconf 86' lang='lat' dir='ltr'><strong>Aliter</strong></span> <span class='ocrx_word' id='word_1_201' title='bbox 629 4290 908 4344; x_wconf 83' lang='lat' dir='ltr'><strong>Gilbertus</strong></span> <span class='ocrx_word' id='word_1_202' title='bbox 943 4289 1064 4359; x_wconf 80' lang='grc'><strong>(1.1.</strong></span> <span class='ocrx_word' id='word_1_203' title='bbox 1091 4307 1143 4360; x_wconf 88' lang='lat' dir='ltr'><strong>p.</strong></span> <span class='ocrx_word' id='word_1_204' title='bbox 1171 4289 1424 4358; x_wconf 88' lang='lat' dir='ltr'><strong>XXXII),</strong></span> <span class='ocrx_word' id='word_1_205' title='bbox 1465 4290 1559 4359; x_wconf 79' lang='lat' dir='ltr'><strong>qui</strong></span> <span class='ocrx_word' id='word_1_206' title='bbox 1595 4289 1755 4358; x_wconf 85' lang='lat' dir='ltr'><strong>plura</strong></span> <span class='ocrx_word' id='word_1_207' title='bbox 1791 4290 2102 4359; x_wconf 80' lang='lat' dir='ltr'><strong>suspicatur</strong></span> <span class='ocrx_word' id='word_1_208' title='bbox 2139 4288 2419 4344; x_wconf 83' lang='lat' dir='ltr'><strong>excidisse.</strong></span> 
     </span>
    </p>
   </div>
  </div>
 </body>
</html>
