3075 5100
2502 345 2583 405 47

233 533 598 597 censebant
630 533 921 614 plerique
954 533 1228 600 Disseno
1263 534 1644 616 adstipulati
1680 535 1992 618 Glycerae
2040 536 2281 614 elegias
2330 541 2397 600 et
2443 535 2587 602 Sul—

231 639 450 719 piciae
519 637 938 721 Cerinthique
1001 640 1244 722 cyclum
1301 645 1485 705 ante
1543 641 1777 706 librum
1834 642 2181 706 secundum
2237 643 2589 724 composita

234 763 382 809 esse
435 749 504 808 et
553 746 722 826 quod
771 764 846 809 ex
895 745 1290 826 singulorum
1338 747 1528 811 huius
1575 747 1724 811 libri
1774 747 2123 812 carminum
2173 752 2348 814 statu
2398 750 2587 816 colle-

234 858 478 930 gerant
528 857 706 917 certa
752 857 1080 933 tamquam
1128 849 1255 916 fide
1302 852 1369 917 id
1416 852 1706 933 epicedio
1756 852 1967 918 Ovidii
2015 851 2274 919 firmare
2321 856 2446 920 sibi
2499 857 2587 922 vi—

235 958 586 1023 debantur.
682 958 863 1036 Quod
897 958 1330 1024 examinemus
1357 964 1634 1040 oportet.
1728 960 1867 1024 Iam
1892 960 2244 1041 elegiarum
2274 961 2587 1043 Glycerae

235 1065 434 1130 testis
483 1069 663 1129 extat
709 1082 874 1129 unus
929 1064 1239 1130 Horatius
1290 1065 1354 1144 (l.
1383 1065 1473 1144 l.).
1574 1066 1695 1144 Qui
1742 1067 1893 1151 elegi
1936 1067 2313 1131 miserabiles
2361 1070 2584 1150 quales

233 1169 487 1236 fuerint
556 1189 679 1235 non
752 1171 879 1234 iam
935 1171 1089 1236 licet
1158 1189 1424 1236 noscere
1483 1189 1623 1236 cum
1678 1171 1745 1238 in
1799 1171 1985 1237 libris
2040 1191 2165 1237 non
2224 1174 2584 1242 tradantur.

232 1277 407 1341 Nam
457 1278 628 1360 quod
673 1278 988 1343 Dissenus
1035 1278 1309 1343 coniecit
1355 1282 1422 1343 et
1466 1278 1689 1343 multis
1736 1279 1982 1361 placuit
2030 1298 2116 1345 cc.
2144 1279 2253 1361 IV,
2296 1281 2373 1344 13
2411 1287 2477 1346 et
2506 1283 2586 1346 14

237 1403 384 1450 esse
418 1384 728 1467 quasdam
761 1383 1072 1466 Glycerae
1120 1383 1380 1466 elegiaS,
1433 1401 1573 1449 cum
1620 1386 1814 1452 nullis
1864 1387 2092 1466 causis,
2142 1406 2224 1453 ne
2271 1388 2587 1454 similibus

236 1495 502 1575 quidem
547 1491 704 1572 veri,
741 1491 1170 1556 demonstrari
1217 1489 1424 1571 possit
1470 1490 1555 1554 ad
1602 1493 2043 1572 quaestionem
2092 1498 2379 1559 nostram
2426 1493 2585 1558 nihil

235 1601 415 1667 valet
437 1599 508 1682 ¹).
633 1596 761 1664 Sed
818 1598 1092 1664 interest
1145 1601 1220 1660 ut
1271 1597 1394 1661 hae
1456 1597 1704 1680 elegiae
1762 1599 1846 1663 ad
1898 1600 2063 1664 hanc
2123 1605 2402 1665 aetatem
2459 1619 2584 1664 non

235 1708 658 1790 pervenirent
728 1721 1040 1787 quaerere
1109 1703 1219 1784 qui
1286 1702 1526 1768 factum
1596 1705 1700 1770 sit.
1797 1706 1892 1769 De
1963 1724 2090 1786 qua
2148 1725 2217 1770 re
2277 1707 2583 1789 ambigas

233 1815 376 1879 Iam
412 1813 649 1879 dixerit
679 1812 823 1894 quis
854 1811 976 1875 hoc
1019 1808 1230 1874 medio
1279 1809 1448 1891 quod
1497 1809 1733 1875 dicitur
1780 1829 1937 1877 aevo
1984 1812 2398 1878 tribuendum
2445 1831 2587 1879 esse

235 1922 464 2002 itaque
495 1917 798 1984 facillime
832 1936 908 1981 ex
940 1915 1256 1998 angustiis
1304 1915 1472 1980 viam
1521 1914 1845 1998 patefieri3
1898 1919 2069 2001 quod
2116 1920 2411 2001 equidem
2458 1939 2586 1985 non

237 2025 643 2092 crediderim.
740 2024 939 2088 Immo
971 2029 1128 2104 puto
1165 2021 1486 2087 Tibullum
1532 2028 1685 2104 post
1730 2023 1880 2088 libri
1930 2025 2192 2088 secundi
2240 2026 2587 2092 editionem

230 2135 354 2199 has
399 2131 640 2212 elegias
675 2167 760 2176 —
797 2130 1115 2196 nescimus
1147 2134 1307 2211 quot
1336 2165 1406 2176 —
1451 2131 1809 2211 scripsisse,
1837 2130 2113 2211 petitum
2174 2132 2255 2197 ab
2308 2131 2583 2196 Horatio

237 2248 315 2304 ut
357 2239 686 2305 desineret
731 2234 1010 2302 fortasse
1057 2235 1395 2319 quievisse,
1454 2237 1793 2319 quominus
1840 2237 2084 2318 publici
2130 2237 2292 2301 iuris
2346 2235 2591 2303 faceret

236 2346 443 2429 (quod
503 2363 656 2409 num
712 2343 855 2425 ipse
911 2343 977 2407 in
1035 2343 1317 2406 animum
1375 2343 1703 2408 induxerit
1764 2343 2049 2409 dubitari
2093 2345 2334 2426 potest)
2380 2340 2589 2409 morte

233 2456 568 2551 retentum
601 2467 763 2529 esse,
801 2468 942 2514 cum
972 2469 1100 2515 non
1133 2449 1221 2513 sit
1253 2450 1422 2530 quod
1473 2449 1811 2530 Tibullum,
1865 2451 1919 2514 si
1966 2454 2115 2530 post
2161 2449 2309 2514 libri
2356 2449 2586 2531 primi

238 2560 592 2626 editionem
664 2556 729 2639 (i.
759 2573 814 2619 e.
865 2562 1008 2622 octo
1081 2557 1267 2622 annis
1337 2561 1681 2639 antequam
1758 2558 2139 2638 moreretur)
2210 2556 2451 2638 elegias
2520 2557 2586 2621 in

236 2666 578 2749 Glyceram
637 2663 1024 2745 scripsisset,
1081 2667 1156 2727 ut
1212 2664 1481 2729 credunt
1535 2660 1668 2743 illi,
1720 2682 1829 2729 eas
1875 2680 2026 2727 num
2073 2662 2137 2725 in
2186 2662 2392 2728 lucem
2440 2681 2589 2744 pro-

234 2773 443 2839 ferret
512 2770 845 2836 dubitasse
901 2769 1002 2834 vel
1069 2768 1383 2836 delevisse
1431 2808 1511 2817 -
1573 2774 1647 2833 ut
1704 2774 1923 2835 censet
1976 2769 2288 2834 Dissenus
2349 2805 2433 2815 -
2484 2788 2588 2834 su-

234 2896 506 2944 mamus.
605 2877 742 2955 Quo
797 2874 1036 2941 factum
1095 2880 1196 2941 est
1240 2882 1315 2940 ut
1369 2876 1492 2942 hae
1549 2876 1795 2957 elegiae
1853 2876 1917 2939 in
1968 2874 2254 2940 tenebris
2300 2873 2588 2939 laterent

237 2988 400 3051 adeo
435 2990 510 3050 ut
539 3004 619 3049 ne
653 2984 709 3050 is
742 2984 998 3066 quidem
1033 2982 1143 3065 qui
1176 3000 1303 3047 uno
1350 2981 1486 3047 fere
1534 2983 1791 3049 saeculo
1839 2987 1988 3064 post
2035 2981 2298 3047 tertium
2344 2980 2583 3046 librum

236 3090 847 3175 (manuscriptorum
897 3089 1067 3175 dico)
1115 3088 1321 3171 primo
1371 3094 1436 3153 et
1483 3090 1763 3155 secundo
1820 3086 2185 3168 adnexuit²)
2253 3087 2316 3151 in
2377 3087 2583 3152 lucem

237 3218 350 3265 eas
385 3196 729 3280 proferret.
804 3196 980 3275 Quae
1003 3196 1192 3276 ratio,
1231 3214 1370 3259 cum
1395 3214 1512 3277 per
1538 3214 1610 3261 se
1636 3201 2067 3261 consentanea
2101 3212 2242 3261 esse
2270 3194 2579 3274 videatur,

237 3304 517 3389 epicedii
545 3304 750 3385 ipsius
785 3300 991 3367 forma
1024 3302 1335 3369 orationis
1361 3302 1674 3384 probatur
1702 3321 1778 3367 ex
1802 3322 1929 3385 qua
1954 3302 2126 3384 quod
2150 3300 2583 3382 opinabantur

236 3408 449 3474 critici
462 3406 782 3475 Nemesim
799 3414 1152 3475 extremum
1165 3427 1448 3474 amorem
1459 3408 1886 3492 fuisseitaque
1900 3408 2234 3491 Glyceram
2248 3408 2527 3487 priorem
2538 3404 2581 3489 ³)

235 3517 303 3581 id
359 3516 537 3582 nullo
607 3518 794 3582 modo
869 3516 1132 3581 eruitur.
1230 3515 1326 3582 De
1396 3515 1656 3583 Nemesi
1723 3515 1977 3597 quidem
2036 3513 2370 3579 morientis
2431 3532 2581 3594 poe-

233 3628 346 3688 tae
424 3642 680 3689 manum
749 3629 1010 3690 tenente
1083 3622 1236 3705 quid
1317 3622 1728 3688 iudicandum
1806 3623 1892 3687 sit
1968 3621 2097 3687 iam
2166 3620 2315 3687 dixi.
2456 3619 2582 3684 Sed

383 3798 427 3867 1)
462 3798 617 3863 Quod
644 3798 804 3851 affert
822 3798 1086 3851 Dissenus
1125 3798 1179 3863 (1.
1205 3797 1241 3851 1.
1268 3814 1321 3866 p.
1351 3796 1561 3851 XXHI.
1590 3798 1694 3868 sq.)
1717 3797 1799 3850 nil
1830 3796 2039 3866 probat.
2103 3795 2169 3848 Id
2206 3794 2580 3848 tantummodo

237 3891 450 3942 certum
486 3888 708 3941 videtur
744 3903 862 3941 esse
899 3885 1035 3941 haec
1074 3886 1182 3940 duo
1221 3887 1460 3939 carmina
1497 3885 1893 3939 Tibulliana
1930 3900 2065 3938 esse.

382 3976 430 4045 ²³⁸)
467 3976 582 4029 Hoc
622 3975 845 4045 exposui
879 3974 1027 4027 inira
1060 3990 1111 4043 p.
1143 3976 1211 4028 68
1237 3990 1355 4044 sqq.

378 4064 425 4134 3)
460 4065 689 4119 Praeter
708 4063 1000 4117 Dissenum
1035 4062 1157 4133 (1.1.
1185 4079 1238 4131 p.
1269 4062 1405 4116 XXI
1428 4062 1569 4133 sqq.)
1594 4062 1653 4115 in
1687 4060 1831 4114 hanc
1871 4060 2201 4116 sententiam
2237 4059 2581 4113 inclinabant

237 4154 517 4223 Gruppius
565 4152 686 4221 (1.1.
712 4170 763 4222 p.
792 4154 920 4221 264)
965 4153 1021 4207 et
1064 4151 1362 4205 Teuffelius
1406 4150 1466 4220 (1.
1492 4150 1528 4205 1.
1554 4167 1607 4220 p.
1636 4149 1791 4219 47o);
1841 4165 1975 4220 quos
2016 4153 2078 4202 ut
2122 4149 2263 4202 solet
2299 4148 2581 4202 Doncieux

235 4258 411 4311 nuper
449 4245 669 4296 secutus
709 4244 793 4295 est
831 4241 889 4310 (l.
920 4242 954 4295 1.
987 4260 1040 4312 p.
1068 4244 1175 4310 73).
