3075 5100
517 345 600 406 26

514 520 836 588 confectas
883 521 1104 603 fuisse,
1161 540 1301 586 cum
1355 523 1645 590 Tibullus
1694 526 1757 589 id
1806 531 2031 606 ageret
2076 532 2149 590 ut
2181 515 2599 610 quaecunque
2647 550 2867 612 usque

515 627 597 692 ad
647 647 703 692 a.
742 627 986 715 727s27
1038 631 1391 710 scripserat
1449 632 1514 696 in
1574 631 1721 697 libri
1782 631 2049 696 formam
2108 635 2373 698 redacta
2428 637 2679 715 ederet;
2746 641 2869 720 qui

516 754 656 800 cum
706 735 828 800 hoc
883 737 1215 818 negotium
1271 737 1520 802 subiret
1582 753 1691 802 eas
1746 744 1821 804 ut
1876 741 2153 819 posteris
2210 742 2625 808 traderentur
2686 745 2863 810 libro

515 843 720 921 primo
753 842 858 906 hic
889 842 1040 923 illic,
1097 845 1414 908 nescimus
1463 864 1590 926 qua
1620 846 1893 927 ratione,
1944 847 2287 912 inserenda
2321 850 2585 914 curavit.
2671 851 2865 928 Quod

515 949 570 1014 si
629 949 734 1012 vix
791 949 1096 1014 credibile
1167 953 1267 1032 est
1333 951 1504 1016 inter
1570 950 1810 1032 elegias
1867 952 2095 1018 Deliae
2161 955 2320 1020 haec
2376 957 2665 1021 carmina
2726 959 2865 1023 tria.

515 1059 806 1136 tempore
855 1056 1320 1136 interponenda
1353 1075 1496 1122 esse
1529 1057 1787 1136 alicubi,
1837 1060 2235 1138 probabilius
2277 1062 2598 1143 primitias
2628 1084 2861 1130 musae

517 1161 918 1226 Tibullianae
965 1162 1292 1229 habueris,
1390 1165 1600 1246 Atque
1648 1164 1923 1244 elegiam
1974 1166 2095 1230 VII
2140 1168 2197 1232 si
2244 1173 2539 1248 tempora
2585 1172 2857 1252 respici-

513 1286 655 1332 mus
727 1273 1078 1333 extremam
1126 1269 1278 1334 libri
1333 1269 1530 1336 fuisse
1592 1290 1665 1336 eo
1727 1291 1999 1353 quoque,
2050 1272 2178 1338 nisi
2226 1292 2453 1340 sensus
2502 1294 2601 1340 me
2658 1275 2855 1358 fallit,

513 1375 844 1456 probatur,
919 1377 1105 1458 quod·
1160 1377 1448 1442 Tibullus
1519 1378 1583 1440 in
1640 1378 1791 1442 libri
1862 1381 2127 1444 secundi
2187 1381 2397 1462 elegia
2454 1383 2483 1446 I
2539 1384 2860 1466 triumphi

514 1481 860 1548 Messallae
908 1484 1000 1548 ita
1047 1485 1440 1550 mentionem
1493 1483 1653 1548 facit
1696 1489 1771 1548 ut
1818 1485 1956 1550 eius
2010 1489 2321 1552 memoria
2380 1507 2572 1571 quam
2628 1510 2857 1556 recen-

514 1591 766 1654 tissima
813 1608 954 1656 esse
1001 1591 1313 1656 videatur.
1414 1591 1651 1656 Versus
1700 1597 1853 1658 sunt
1900 1593 1964 1658 hi
2024 1594 2134 1676 (II,
2174 1598 2228 1674 1,
2265 1597 2585 1674 29-36):

779 1698 926 1760 vina
972 1699 1136 1761 diem
1183 1698 1508 1762 eelebrent:
1556 1722 1680 1762 non
1713 1699 1885 1784 festa
1933 1700 2063 1763 luce
2108 1703 2359 1764 madere

605 1804 690 1868 30
869 1816 954 1868 est
999 1805 1209 1883 rubor,
1259 1817 1534 1868 errantes
1582 1817 1635 1869 et
1680 1807 1841 1870 male
1872 1808 2051 1892 ferre
2087 1809 2300 1892 pedes.

783 1911 888 1974 sed
935 1911 1122 1983 „bene
1167 1911 1579 1976 Messallam“
1628 1934 1742 1974 sua
1790 1914 2045 1998 quisque
2090 1916 2176 1978 ad
2210 1915 2443 1999 pocula
2490 1917 2677 1994 dicat,

871 2040 1093 2080 nomen
1141 2030 1194 2081 et
1241 2019 1507 2082 absentis
1555 2019 1803 2103 sinyula
1849 2021 2035 2083 verba
2080 2033 2311 2085 sonent.

776 2125 974 2207 yemis
1021 2123 1378 2209 Aquitanae
1426 2127 1653 2191 celeber
1696 2127 2001 2192 Messalla
2045 2129 2375 2212 triumphis

875 2242 928 2294 et
974 2254 1203 2313 mayna
1251 2235 1513 2296 intonsis
1556 2234 1761 2318 yloria
1806 2235 2000 2297 victor
2045 2236 2197 2308 avis,

607 2339 689 2402 35
782 2339 896 2400 huc
946 2339 1092 2402 ades
1139 2340 1520 2426 adspiraque
1566 2342 1739 2420 milii,
1788 2343 1937 2404 dum
1984 2343 2256 2406 carmine
2303 2355 2510 2406 nostro

875 2445 1160 2508 redditur
1205 2449 1493 2530 ayricolis
1536 2451 1749 2532 qratia
1794 2449 2125 2512 caelitibus.

691 2553 777 2617 Et
822 2558 1204 2635 praesertim
1255 2575 1396 2620 cum
1451 2556 1612 2621 haec
1658 2556 1869 2636 elegia
1926 2556 2071 2619 aliis
2128 2576 2381 2637 quoque
2438 2559 2517 2621 de
2575 2556 2853 2640 causis¹)

513 2657 666 2723 libri
713 2664 974 2727 secundi
1019 2669 1094 2727 ut
1141 2664 1280 2729 loco
1327 2664 1422 2727 ita
1468 2668 1761 2743 tempore
1807 2662 2017 2742 p'rima
2064 2680 2205 2727 esse
2252 2663 2547 2728 videatur
2594 2702 2679 2709 —
2724 2664 2853 2729 for-

514 2771 688 2831 tasse
749 2787 898 2835 vere
955 2772 1105 2835 anni
1168 2768 1414 2856 728l26
1479 2770 1835 2851 composita
1900 2774 2001 2834 est
2045 2806 2129 2815 —
2180 2790 2254 2835 eo
2312 2768 2563 2835 facilius
2612 2771 2851 2835 intelli-

513 2873 719 2953 gimus
783 2878 890 2958 qui
947 2876 1186 2943 factum
1260 2878 1348 2942 sit
1400 2882 1476 2941 ut
1533 2876 1843 2955 TibulluS‚
1918 2895 2301 2958 quamquam
2370 2877 2533 2941 alias
2594 2896 2851 2959 quoque

685 3034 726 3099 ¹)
765 3034 882 3087 Hae
940 3052 1134 3088 causae
1186 3037 1450 3104 petuntur
1503 3038 1560 3087 et
1607 3050 1669 3087 ex
1726 3035 1953 3100 ratione,
2010 3050 2118 3103 qua
2174 3033 2385 3101 elegiae
2441 3033 2568 3086 libri
2626 3034 2853 3087 secundi

515 3120 760 3188 digestae
800 3125 855 3175 et
894 3122 1189 3192 dispositae
1227 3125 1357 3175 sunt
1391 3122 1481 3193 (de
1517 3122 1605 3176 his
1644 3124 1876 3177 fortasse
1915 3122 2047 3175 alibi
2085 3122 2365 3190 disseram)
2404 3125 2460 3176 et
2498 3138 2562 3176 ex
2602 3140 2665 3176 eo
2706 3124 2853 3192 quod

513 3208 563 3262 N
571 3210 780 3278 emesiS,
837 3228 1000 3279 quam
1050 3211 1328 3265 Tibullum
1372 3214 1500 3282 post
1548 3212 1762 3265 Deliam
1809 3212 2089 3265 adamasse
2137 3212 2574 3281 carminibusque
2624 3213 2851 3266 secundi

511 3296 642 3351 libri
680 3297 982 3352 celebrasse
1021 3304 1252 3367 constat,
1289 3302 1350 3355 in
1388 3300 1566 3368 elegia
1603 3302 1631 3355 Ι
1668 3300 1907 3355 nondum
1954 3301 2208 3357 occurrit.
2294 3300 2435 3355 Nam
2484 3300 2577 3370 qui
2624 3303 2855 3354 censent

511 3384 658 3438 hunc
695 3402 930 3441 amorem
969 3389 1271 3456 significari
1306 3389 1394 3442 his
1433 3390 1508 3459 (v.
1536 3389 1652 3458 70):
1705 3392 1787 3453 „ei
1827 3392 1958 3454 mihi,
2008 3409 2151 3455 quam
2190 3391 2362 3441 doctas
2408 3408 2531 3441 nunc
2580 3391 2723 3441 habet
2771 3391 2852 3441 ille

513 3468 770 3545 (Cupido)
795 3484 1000 3528 manus“
1038 3494 1144 3530 non
1186 3477 1512 3531 crediderim
1552 3493 1641 3530 eos
1682 3493 1745 3530 ex
1783 3479 2055 3531 sententia
2090 3479 2227 3547 ipsa,
2266 3494 2403 3547 quae
2441 3478 2499 3530 in
2538 3479 2850 3531 universum

511 3564 647 3618 mihi
685 3565 903 3619 videtur
953 3566 1101 3619 dicta
1139 3582 1274 3633 esse,
1311 3565 1416 3619 hoc
1456 3564 1744 3634 collegisse
1756 3584 1770 3629 3
1808 3566 1971 3619 immo
2007 3568 2139 3635 puto
2182 3582 2273 3619 eos
2312 3567 2493 3635 specie
2520 3566 2643 3634 plus
2671 3582 2845 3633 aequo

477 3653 708 3725 ‚ductos
746 3670 864 3707 esse
903 3658 966 3707 ut
1001 3671 1284 3707 numerum
1322 3655 1561 3723 quinque
1608 3654 1905 3721 elegiarum
1954 3670 2092 3722 quae
2138 3655 2198 3707 in
2244 3653 2459 3707 Deliam
2506 3655 2743 3723 scriptae
2792 3656 2849 3707 in

512 3742 686 3810 primo
741 3742 880 3795 libro
936 3742 1196 3811 leguntur
1251 3742 1547 3797 solemnem
1595 3743 1823 3797 eundem
1870 3743 2093 3796 Nemesi
2138 3744 2197 3797 in
2243 3744 2479 3797 secundo
2526 3743 2847 3797 tribuerent.

514 3829 686 3894 Quem
723 3848 1007 3885 numerum
1043 3833 1351 3901 quinarium
1386 3835 1605 3901 praeter
1645 3835 1857 3886 ceteros
1896 3831 2174 3901 Gruppius
2210 3832 2269 3885 in
2318 3848 2475 3885 suum
2523 3848 2679 3886 usum
2728 3848 2847 3886 cum

514 3924 860 3974 converteret
893 3923 1078 3992 (vocat
1114 3922 1532 3990 ‚‚Normalzahl“)
1556 3922 1613 3975 in
1650 3922 1815 3975 miros
1857 3937 2067 3974 errores
2106 3921 2373 3975 deductus
2410 3924 2509 3990 est,
2548 3938 2613 3974 ex
2652 3921 2846 3989 quibus

513 4026 679 4062 unum
727 4010 892 4064 affero
941 4012 1338 4079 gravissimum,
1378 4011 1524 4080 quod
1562 4027 1609 4065 c.
1642 4011 1703 4065 II
1738 4010 2151 4079 lepidissimum,
2190 4010 2335 4079 quod
2374 4010 2653 4079 aptissime
2692 4027 2847 4063 suum

515 4098 695 4151 locum
735 4099 962 4167 obtinet,
1013 4116 1111 4169 per
1147 4102 1257 4154 vim
1297 4100 1541 4153 ablatum
1577 4100 1634 4153 in
1682 4102 1936 4169 quartum
1974 4117 2021 4169 q.
2058 4099 2094 4153 f.
2130 4099 2331 4153 librum
2368 4100 2669 4153 transtulit.
2744 4098 2847 4152 Sed

513 4187 647 4240 haec
687 4188 904 4258 quidem
940 4189 992 4243 h.
1021 4189 1057 4243 l.
1085 4190 1324 4257 atting03
1380 4189 1779 4255 demonstrabo,
1826 4189 1873 4241 si
1908 4188 2117 4255 licebit,
2165 4188 2408 4256 integras
2448 4204 2565 4241 esse
2602 4187 2846 4255 singulas

514 4279 643 4332 libri
680 4279 905 4332 secundi
943 4279 1144 4347 elegias
1185 4282 1442 4349 certoque
1481 4278 1711 4332 consilio
1750 4278 1992 4346 digestas
2038 4310 2098 4319 -—
2138 4278 2292 4331 alias.
