3075 5100
497 433 582 496 84

491 584 712 689 parari
757 607 852 672 ita
897 611 970 672 ut
1015 607 1180 671 alter
1227 605 1411 670 diviti
1460 604 1629 669 alter
1679 604 1951 686 pauperi
2007 603 2363 683 tribuatur,
2435 607 2581 669 uter
2626 601 2847 667 locum

494 719 715 779 teneat
761 713 1160 795 superiorem
1208 712 1264 777 si
1311 712 1690 792 respicimus
1749 715 2037 776 veterum
2096 709 2362 790 iudicia,
2437 714 2573 775 tum
2634 716 2849 775 totum

496 819 819 885 Catullum
888 819 1106 884 libello
1179 818 1429 882 cuidam
1500 817 1680 884 Calvi
1737 818 1976 899 opponi
2033 817 2331 882 similiter
2390 835 2466 882 ac
2512 835 2709 899 supra
2760 854 2839 864 —

497 944 882 1008 quamquam
959 911 1307 992 eorundem
1385 926 1494 1006 qui
1576 925 2001 992 credebantur
2078 928 2417 1006 poetarum
2494 961 2568 969 -
2639 924 2847 988 libros

495 1032 934 1117 (183—186),
1009 1032 1286 1112 denique
1332 1031 1623 1112 ipsorum
1672 1033 2209 1114 epigrammatum
2256 1031 2640 1110 sententiaS,
2713 1049 2848 1095 11011

497 1139 759 1204 (11111111111
820 1143 950 1204 est:
1024 1138 1386 1212 „Catulluw
1437 1138 1625 1223 (195)
1684 1139 1919 1203 donum
1980 1138 2199 1204 divitis
2270 1144 2401 1220 est,
2476 1137 2653 1204 Calvi
2726 1139 2851 1212 „de

497 1267 696 1331 aquae
728 1245 1014 1332 sriyidae
1060 1254 1220 1308 u8u“
1267 1246 1454 1329 (196)
1501 1246 1831 1328 pauperis·
1878 1281 1962 1292 -—

679 1351 988 1417 Omnibus
1037 1352 1328 1418 distichis
1376 1353 1525 1418 inde
1574 1353 1654 1418 ab
1694 1354 1817 1418 183
1854 1353 1937 1417 ad
1975 1355 2097 1417 192
2148 1357 2214 1418 et
2262 1353 2509 1418 duobus
2542 1353 2851 1418 extremis

505 1460 630 1523 195
686 1461 810 1522 196
881 1459 1296 1540 perlustratis
1366 1459 1820 1541 relinquuntur
1890 1461 2041 1525 duo:
2118 1459 2489 1534 „Tibullus“
2548 1458 2731 1544 (193)
2783 1463 2854 1522 et

505 1565 890 1640 ‚‚Lucanu8“
940 1564 1146 1651 (194).

681 1673 772 1737 Ac
831 1672 1152 1739 Tibullum
1224 1673 1480 1755 quidem
1551 1672 1632 1737 ab
1697 1671 1923 1737 Ovidio
1980 1672 2042 1739 h.
2084 1672 2126 1736 l.
2187 1673 2656 1754 segregandum
2704 1691 2853 1738 esse

503 1796 705 1860 aeque
752 1796 828 1842 ac
861 1776 1181 1842 Catullum
1215 1796 1253 1842 a
1287 1779 1545 1846 Lucano
1594 1777 2043 1862 patefecimus3
2092 1798 2261 1844 nunc
2308 1779 2641 1861 quaeritur
2680 1798 2853 1860 quae

500 1885 670 1950 ratio
717 1884 888 1950 inter
938 1884 1260 1950 Tibullum
1308 1890 1374 1950 et
1421 1887 1749 1982 Lucanum
1794 1887 2172 1952 intercedat.
2270 1887 2480 1967 Atque
2526 1885 2851 1951 iudicibus

395 1979 404 1987 ⁶
503 1992 688 2058 nobis
739 1991 1060 2058 Tibullum
1106 1999 1368 2074 poetam
1417 2013 1559 2060 esse
1606 1994 1717 2059 illo
1776 1994 2320 2075 praestantiorem
2368 1994 2495 2057 iam
2542 1993 2850 2073 diximus;

503 2116 620 2163 nec
668 2099 724 2164 si
772 2099 916 2180 quis
964 2099 1136 2164 dicat
1180 2104 1476 2182 tempora
1522 2106 1590 2166 et
1634 2100 1871 2165 iudicia
1912 2100 2238 2165 hominum
2271 2100 2507 2165 mutari
2538 2099 2852 2164 habemus

505 2206 676 2286 quod
720 2209 1010 2271 veterum
1045 2225 1171 2280 eos,
1222 2208 1333 2288 qui
1380 2226 1597 2272 veram
1643 2207 1869 2288 poesin
1916 2225 1954 2270 a
2000 2206 2339 2272 verborum
2386 2212 2639 2272 tumore
2684 2207 2853 2272 scite

505 2311 956 2392 segregabant,
1030 2312 1221 2378 aliter
1268 2315 1548 2378 sensisse
1618 2314 1971 2378 credamus,
2082 2313 2363 2392 Quorum
2422 2318 2601 2378 extat
2658 2314 2851 2378 testis

507 2418 923 2498 gravissimus
975 2418 1425 2499 Quintilianus,
1484 2421 1622 2502 qui,
1682 2426 1755 2485 111
1800 2421 2185 2501 scriptorum
2232 2420 2422 2484 iudex
2470 2419 2851 2486 candidissi-

506 2543 676 2605 mus,
752 2543 891 2590 cum
952 2526 1273 2592 Tibullum
1343 2527 1513 2592 inter
1573 2527 1891 2610 elegiacos
1946 2527 2268 2593 Romanos
2314 2527 2524 2592 locum
2570 2526 2853 2609 primum

507 2636 728 2695 tenere
776 2632 950 2698 dieat
981 2634 1103 2699 ita:
1157 2634 1393 2718 „eleyia
1441 2658 1679 2721 quoque
1710 2633 1975 2699 Graecos
2011 2658 2445 2720 provocamuS,
2496 2636 2668 2699 cuius
2698 2636 2856 2697 mihi

504 2750 699 2802 tersus
765 2752 944 2826 atque
1013 2741 1256 2825 eleyans
1314 2743 1585 2807 maxime
1640 2744 1878 2805 videtur
1936 2754 2152 2805 auctor
2218 2742 2538 2806 Tibullus“
2610 2742 2848 2825 (instit.

507 2850 670 2910 orat.
720 2846 799 2927 X,
841 2848 894 2927 1,
932 2847 1066 2931 93),
1117 2848 1196 2913 de
1243 2848 1502 2913 Lucano
1551 2848 1646 2912 ita
1692 2846 1891 2910 sentit
1937 2848 2118 2933 (ibid.
2153 2851 2295 2932 90):
2357 2849 2703 2924 „Lucanus
2746 2873 2858 2912 ar-

507 2954 657 3017 dens
727 2964 782 3017 et
849 2954 1184 3017 concitatus
1239 2967 1294 3019 et
1350 2956 1659 3021 sententiis
1716 2953 2099 3018 clavissimus
2156 2968 2209 3021 et
2222 3004 2235 3029 ‚
2309 2968 2377 3019 ut
2434 2958 2641 3021 dicam
2686 2959 2861 3041 quod

507 3062 716 3133 sentio,
765 3064 966 3144 mayis
1013 3063 1361 3125 oratoribus
1409 3086 1598 3148 quam
1632 3062 1837 3148 poetis
1882 3062 2292 3143 imitandu3,“
2341 3063 2611 3129 laudans
2652 3063 2863 3145 igitur

509 3185 586 3231 ex
632 3170 840 3248 parte,
913 3166 980 3230 id
1027 3172 1270 3248 autem,
1345 3171 1514 3249 quod
1562 3169 2012 3251 gravissimum
2060 3175 2189 3249 est,
2262 3171 2637 3251 vituperans
2684 3172 2865 3250 quod

507 3279 704 3355 poeta
771 3292 899 3337 non
968 3271 1185 3339 fuerit.
1305 3274 1430 3340 Sed
1499 3276 1770 3341 adnotat
1839 3276 1922 3341 ad
1990 3276 2111 3341 hoc
2180 3276 2579 3359 epigramma
2634 3276 2863 3341 Fried-

508 3380 850 3445 laenderus
922 3380 1018 3444 vir
1076 3380 1607 3447 humanissimus:
1682 3383 1853 3457 „Die
1900 3407 2017 3447 uns
2064 3383 2413 3448 erhaltenen
2460 3383 2865 3469 Aussprzzche

512 3486 894 3567 Quintiliana
947 3489 1081 3551 und
1137 3490 1400 3553 anderer
1422 3485 1504 3572 ¹),
1575 3490 1715 3572 dass
1769 3490 1995 3555 Lucan
2051 3492 2214 3555 nicht
2259 3515 2337 3554 zu
2383 3493 2503 3556 den
2547 3491 2865 3555 Dichtern

509 3618 587 3657 zu
678 3594 938 3659 rec-lmen
1031 3596 1134 3675 sei,
1215 3597 1359 3659 sind
1449 3597 1733 3661 sdmtlich
1804 3606 2056 3682 spolier-‘⁴
2074 3621 2095 3673 ;
2189 3598 2361 3679 quod
2436 3604 2654 3664 tamen
2728 3618 2865 3663 non

510 3701 811 3765 idoneum
869 3706 968 3767 est
1023 3702 1196 3783 quod
1256 3703 1508 3785 probet,
1579 3704 1973 3785 epigramma
2019 3705 2190 3786 quod
2246 3705 2619 3771 inscribitur
2682 3704 2866 3779 „Lu—

512 3816 745 3871 canus“
803 3812 958 3873 nota
1012 3810 1069 3873 D
1129 3809 1512 3892 signandum
1570 3828 1730 3875 esse.
1840 3812 1975 3876 Iam
2043 3812 2369 3878 videamus
2437 3830 2602 3894 quae
2660 3812 2867 3879 insint

512 3915 914 3980 sententiae:

832 4034 973 4086 sunt
1023 4024 1299 4109 quidam,
1351 4025 1460 4110 qui
1503 4046 1599 4087 me
1645 4026 1855 4089 dicant
1901 4048 2025 4089 non
2072 4051 2195 4093 esse
2230 4040 2519 4113 poetam.-

923 4131 1033 4193 θεά
1079 4132 1188 4215 qui
1232 4154 1326 4195 me
1372 4132 1576 4194 vendit
1624 4131 1957 4216 bibliopola
1991 4142 2198 4217 putat.

665 4359 710 4428 ι)
748 4358 817 4411 of.
851 4356 1076 4411 Teuffei
1116 4358 1164 4410 R
1185 4358 1229 4412 L
1251 4358 1334 4413 (34
1367 4375 1421 4427 p.
1452 4361 1575 4430 685,
1612 4360 1642 4428 ξ
1667 4361 1789 4427 303,
1814 4362 1865 4414 5.
