3075 5100
541 355 622 420 52

533 552 686 599 vero
736 537 836 598 est
883 533 1053 614 quod
1109 532 1364 612 singula
1421 533 1709 598 carmina
1762 533 2140 614 priusquam
2198 536 2546 600 ederentur
2604 536 2673 600 in
2733 537 2896 600 libri

535 637 810 704 formam
858 640 1124 705 redacta
1171 658 1314 704 eum
1363 641 1621 706 novisse
1683 639 2155 722 coniciamu31).
2276 641 2608 707 Summum
2665 647 2897 708 autem

535 751 654 826 est,
704 747 875 828 quod
921 765 1002 811 ne
1033 765 1256 812 versus
1305 747 1559 828 quidem
1611 747 1719 829 qui
1770 752 2223 827 comparantur
2264 749 2577 814 eiusmodi
2626 754 2781 814 sunt
2816 755 2899 814 ut

535 853 810 918 alterum
843 858 1100 934 poetam
1131 853 1406 919 alterum
1432 855 1755 919 imitatum
1782 871 1924 920 esse
1944 853 2372 934 probabiliter
2406 856 2606 920 statui
2641 856 2893 937 possit;

535 978 745 1040 neque
791 977 942 1024 vero
991 959 1142 1025 licet
1188 979 1268 1025 ex
1313 961 1613 1042 opinione
1659 966 1791 1026 tam
1841 961 2089 1026 incerta
2137 979 2367 1042 graves
2415 981 2519 1027 res
2553 960 2891 1043 colligere.

535 1066 626 1129 Ne
675 1066 745 1131 id
791 1067 1046 1148 quidem
1095 1067 1492 1148 probabilius
1543 1069 1641 1133 vir
1688 1068 1915 1133 doctus
1972 1067 2204 1133 statuit
2248 1067 2482 1132 librum
2532 1069 2895 1133 secundum

537 1172 969 1238 Tibullianum
1018 1175 1301 1256 priorem
1349 1193 1493 1240 esse
1543 1174 1836 1254 elegidiis
1886 1173 2015 1238 illis
2072 1193 2150 1238 ex
2208 1192 2283 1239 eo
2341 1193 2594 1257 quoque
2651 1181 2895 1256 patere

536 1280 706 1361 quod
775 1299 999 1347 versus
1062 1282 1166 1362 IV,
1206 1283 1264 1362 2,
1308 1281 1568 1345 15-20
1627 1300 1705 1346 ex
1776 1281 2017 1346 eisdem
2074 1282 2473 1364 argumentis
2542 1283 2893 1363 compositi

535 1391 756 1452 essent
802 1406 968 1470 quae
992 1387 1058 1453 in
1092 1388 1256 1453 libro
1293 1387 1572 1454 secundo
1606 1386 1709 1451 hic
1738 1386 1871 1452 illic
1904 1386 2008 1470 (II,
2050 1391 2110 1468 4,
2146 1389 2226 1452 27
2264 1405 2387 1471 sq.;
2441 1390 2501 1470 2,
2540 1389 2608 1467 33
2662 1388 2725 1469 4,
2767 1389 2889 1468 3o;

538 1495 597 1574 2,
644 1496 748 1558 15.
789 1496 900 1576 16)
948 1498 1140 1576 poeta
1185 1495 1529 1577 posuisset.

710 1600 1004 1684 Namque
1071 1602 1252 1684 ipsae
1323 1620 1428 1668 res
1500 1601 1729 1683 Tyrius
1798 1617 2041 1680 murex,
2101 1601 2350 1681 odoreS,
2416 1601 2657 1666 Arabia
2702 1607 2893 1668 terra

540 1707 947 1789 divitissima,
981 1708 1234 1774 lucidae
1271 1709 1549 1774 conchae
1586 1707 1845 1789 saepius
1882 1707 2207 1790 variisque
2230 1707 2435 1774 modis
2462 1708 2634 1789 apud
2660 1726 2890 1775 omnes

536 1815 646 1896 qui
677 1820 814 1880 tum
845 1813 1109 1880 fuerunt
1142 1816 1494 1897 scriptores
1531 1815 1614 1880 ad
1642 1815 1963 1880 luxuriam
2009 1813 2459 1879 illustrandam
2506 1815 2885 1897 laudantur,

532 1925 606 1986 ut
641 1921 914 2004 cogitari
953 1941 1079 1987 non
1118 1923 1326 2004 possit
1359 1924 1413 1986 si
1437 1921 1607 1988 sorte
1648 1922 1873 1986 eadem
1910 1921 2080 2002 apud
2120 1921 2280 1986 duos
2328 1920 2743 2002 reperiuntur
2792 1922 2891 1986 al-

535 2033 747 2092 terum
809 2028 1078 2094 alterius
1137 2030 1496 2096 sententias
1565 2029 1890 2094 imitatum
1958 2045 2121 2108 esse,
2193 2027 2373 2093 velut
2417 2027 2538 2093 hoc
2584 2028 2726 2092 loco
2778 2028 2889 2092 Ti-

532 2133 775 2200 bullum
811 2136 1072 2217 quaein
1106 2135 1273 2202 libro
1307 2136 1587 2202 secundo
1620 2136 1760 2217 ipse
1814 2139 2123 2217 posuerat
2170 2139 2551 2217 argumenta
2597 2133 2703 2198 hic
2751 2134 2889 2199 illic

533 2241 826 2323 dispersa
857 2243 1018 2308 scite
1049 2249 1278 2324 postea
1307 2244 1689 2325 repetivisse
1738 2242 2079 2308 coniuncta
2122 2277 2213 2290 —
2260 2242 2446 2322 quasi
2492 2260 2608 2308 suo
2659 2261 2885 2323 quam·

533 2366 658 2430 que
725 2349 865 2414 loco
922 2350 1308 2415 sententiam
1380 2350 1690 2431 optimam
1759 2348 2077 2430 quomodo
2132 2346 2531 2429 significaret
2586 2347 2883 2412 invenire

533 2455 899 2522 nesciisset!
969 2456 1264 2538 Apparet
1296 2457 1497 2537 igitur
1529 2454 1855 2537 Olsenum,
1893 2473 2278 2538 quamquam
2327 2455 2406 2519 de
2456 2453 2885 2535 elegidiorum

534 2564 932 2645 temporibus
987 2564 1232 2647 aliquid
1285 2564 1450 2630 recti
1506 2564 1730 2644 sensit,
1781 2569 2000 2628 tamen
2050 2567 2291 2628 rectam
2340 2562 2509 2627 viam
2557 2581 2686 2644 qua
2730 2583 2887 2646 pro-

531 2672 718 2737 baret
761 2671 1123 2754 ingressum
1168 2690 1297 2736 non
1344 2688 1508 2737 esse.

708 2778 827 2842 His
861 2778 1171 2859 expositis
1205 2796 1400 2843 unum
1433 2782 1643 2842 restat
1685 2782 1758 2842 ut
1801 2776 2187 2860 Zingerlei²)
2236 2776 2681 2858 quaestionem
2730 2796 2884 2842 exa-

532 2884 845 2949 minemus
916 2884 1027 2967 qui
1099 2884 1455 2950 contrarias
1523 2883 1782 2948 Disseni
1845 2883 2119 2966 Gruppii
2178 2884 2451 2948 aliorum
2506 2890 2731 2964 partes
2790 2920 2881 2929 —-

531 2990 968 3073 „Sulpiciam“
1028 2992 1314 3072 priorem
1372 3010 1511 3056 esse
1568 2990 1735 3055 libro
1785 2991 2064 3055 secundo
2118 3028 2189 3037 —
2246 2990 2427 3055 novis
2476 2991 2879 3073 argumentis

529 3096 825 3165 stabilire
851 3103 1117 3163 conatus
1143 3102 1260 3166 est.
1316 3098 1601 3165 Intexuit
1625 3103 1842 3163 autem
1865 3097 1962 3164 vir
1988 3097 2214 3163 doctus
2240 3096 2402 3161 hanc
2428 3098 2878 3179 quaestionem

528 3205 758 3269 maiori
801 3206 862 3269 ei
907 3224 1098 3286 quam
1134 3205 1420 3270 instituit
1465 3206 1546 3270 de
1592 3204 1781 3269 huius
1829 3204 1988 3286 cycli
2035 3202 2161 3268 fide
2210 3210 2405 3285 atque
2454 3204 2873 3282 auctoritate;

530 3315 726 3392 atque
776 3312 1052 3393 gratiam
1099 3313 1160 3377 ei
1191 3312 1500 3377 habemus
1534 3312 1725 3393 quod,
1778 3328 1920 3375 cum
1966 3310 2263 3392 plerique
2312 3309 2675 3391 Gruppium
2720 3310 2789 3392 (1.
2825 3311 2871 3374 l.

528 3438 590 3499 p.
621 3421 704 3481 27
732 3436 895 3500 sqq.,
923 3438 988 3500 p.
1027 3420 1137 3503 48)
1187 3418 1391 3485 secuti
1424 3419 1552 3482 iam
1601 3420 1937 3484 crederent
1984 3416 2469 3511 haecelegidia
2503 3416 2640 3498 (IV,
2670 3420 2875 3498 2-7)

530 3524 769 3590 Tibulli
842 3543 1004 3605 esse,
1077 3526 1143 3591 id
1214 3524 1560 3607 generibus
1630 3512 1882 3591 dicendi
1953 3522 2445 3605 diligentissime
2511 3522 2873 3589 observatis

529 3635 724 3713 atque
773 3650 914 3696 cum
963 3634 1057 3698 eis
1105 3651 1269 3714 quae
1317 3650 1573 3713 semper
1622 3632 1984 3697 Tibulliana
2030 3630 2434 3696 habebantur
2480 3631 2873 3696 carminibus

528 3738 919 3819 comparatis
949 3740 1043 3805 ita
1089 3740 1298 3803 denuo
1345 3737 1627 3805 firmavit
1642 3736 1689 3821 3)
1737 3742 1810 3803 ut
1854 3737 1981 3803 nisi
2027 3738 2349 3803 occaecati
2396 3737 2695 3802 dubitare
2743 3757 2873 3804 non

668 3932 712 4002 1)
750 3932 947 4001 Itaque
983 3947 1052 3985 ne
1091 3930 1417 3984 crediderim
1455 3931 1675 4001 quidem
1712 3931 1829 3985 vice
1880 3947 2040 3985 versa
2074 3931 2423 3999 Propertium
2466 3928 2638 3985 fuisse
2688 3930 2871 3985 imita-

524 4024 699 4075 torem
734 4020 788 4074 h.
813 4020 878 4085 1.;
906 4019 974 4074 cf.
1001 4020 1199 4074 Hilleri
1235 4020 1365 4073 edit.
1390 4036 1443 4089 p.
1469 4019 1667 4075 XVIII
1688 4019 1828 4074 med.

674 4109 719 4179 2)
755 4109 951 4164 Kleine
987 4109 1178 4179 philol.
1217 4109 1492 4177 Abhdlgn.
1531 4108 1585 4162 11
1620 4110 1807 4179 (1877)
1842 4126 1894 4179 p.
1923 4110 2151 4165 45—90.

670 4197 718 4267 ³)
755 4198 973 4253 Sumam
1009 4200 1093 4252 rei
1127 4199 1440 4252 cautissime
1477 4199 1561 4252 ita
1596 4197 2010 4267 comprehendit
2044 4197 2163 4267 (1.1.
2192 4214 2242 4267 p.
2272 4199 2391 4268 89):
2426 4200 2541 4264 „Es
2578 4200 2747 4265 darfte
2764 4202 2870 4251 sich

528 4328 685 4344 .....
722 4288 817 4340 dae
835 4288 1067 4343 Resultat
1087 4290 1359 4340 ersichtlich
1381 4290 1596 4351 macheu,
1626 4288 1746 4339 dass
1774 4289 1933 4340 weder
1950 4288 2403 4355 Sprachyebrauch‚
2426 4290 2545 4339 noch
2564 4290 2871 4353 Metrisclies,

3045 4204 3053 4313 ...n-b—

3036 4806 3049 5062 *2..—.-‘=
