3075 5100
514 346 600 409 24

511 523 696 605 ponit
726 521 1182 604 panegyricum
1215 527 1282 586 et
1315 521 1589 603 elegiam
1622 523 1683 586 X
1716 521 1999 586 carmina
2030 526 2104 587 ut
2150 523 2290 605 ipse
2325 527 2547 588 censet
2585 523 2861 605 trium1)

515 648 826 695 annorum
893 629 1104 710 spatio
1169 629 1461 694 seiuncta
1527 630 1752 694 eodem
1809 634 2102 710 tempore
2158 649 2217 694 a.
2254 626 2502 714 726128
2562 647 2864 695 seorsum

510 756 554 802 a
625 736 857 801 ceteris
926 736 991 800 in
1062 736 1266 800 lucem
1327 755 1367 799 a
1424 735 1677 800 Tibullo
1748 735 1984 800 emissa
2048 753 2210 815 esse,
2282 753 2425 800 cum
2489 737 2700 818 ipsum
2772 755 2867 801 ne

515 842 792 924 speciem
861 842 1117 924 quidem
1185 842 1667 923 probabilitatis
1736 843 1977 908 habeat
2039 848 2299 924 poetam
2370 844 2495 908 duo
2570 844 2869 909 carmina

515 949 684 1013 inter
747 966 819 1013 se
877 948 1318 1014 diversissima
1388 949 1667 1014 edidisse
1730 949 2189 1030 comprehensa
2266 950 2678 1033 (argumenta
2733 968 2867 1014 nec

516 1054 739 1120 attulit
767 1055 868 1120 vir
899 1055 1126 1120 doctus
1175 1073 1294 1120 nec
1337 1055 1581 1141 potuit)
1626 1056 1827 1120 multo
1874 1057 2097 1138 magis
2127 1056 2194 1120 id
2243 1057 2432 1121 docet
2461 1056 2863 1122 Hankelium

517 1161 674 1243 quid
717 1161 918 1226 vellet
962 1161 1228 1227 Ovidius
1275 1179 1543 1243 prorsus
1588 1181 1715 1226 non
1764 1161 2195 1240 intellexisse3
2244 1181 2435 1245 quem
2483 1163 2567 1228 ad
2611 1163 2867 1244 elegias

517 1286 682 1351 quae
729 1267 812 1333 ad
856 1268 1112 1332 Deliam
1158 1268 1506 1350 pertinent,
1542 1269 1635 1334 VI
1672 1269 2009 1350 imprimis,
2060 1268 2387 1350 respicere
2421 1269 2861 1351 exposuimus.

516 1375 824 1440 Videmus
889 1375 1090 1458 igitur
1151 1375 1444 1439 criticum
1509 1376 1595 1440 ad
1657 1393 1941 1441 errorem
1997 1375 2379 1457 perductum
2434 1393 2577 1442 esse
2632 1375 2866 1440 eadem

519 1499 713 1546 causa
735 1499 812 1547 ac
833 1480 1320 1562 Baehrensium,
1345 1483 1517 1564 quod
1543 1483 1791 1548 duobus
1813 1482 2109 1548 versibus
2136 1481 2467 1548 Ovidianis
2492 1501 2528 1547 e
2556 1485 2867 1548 contextu

520 1589 836 1671 exemptis
862 1607 972 1654 eos
1005 1589 1115 1670 qui
1147 1589 1538 1654 antecedunt
1570 1589 1763 1670 plane
1786 1589 2076 1672 neglexit
2105 1589 2521 1672 ipsorumque
2544 1593 2863 1669 tenorem,

519 1697 630 1777 qui
674 1695 992 1778 quomodo
1041 1700 1293 1777 spectet
1338 1696 1418 1761 ad
1475 1697 1911 1778 principatum
1964 1697 2100 1760 κατ’
2148 1695 2377 1780 ἐξοχὴν
2424 1697 2863 1778 exposuimus,

521 1821 648 1867 non
697 1803 858 1867 satis
907 1803 1241 1884 perspexit
1271 1809 1461 1868 acute
1507 1804 1691 1868 illum
1724 1804 1985 1887 quidem
2022 1804 2457 1885 excogitatum
2490 1822 2617 1868 non
2646 1802 2867 1867 minus

521 1929 712 1992 quam
769 1910 1090 1992 gradatim
1146 1918 1406 1975 auctum
1463 1912 2022 1993 explanatumque.
2132 1911 2269 1988 Quo
2334 1908 2577 1975 factum
2634 1913 2733 1975 est
2788 1913 2867 1972 ut

522 2037 602 2084 ne
657 2022 897 2082 rectam
959 2018 1218 2100 quidem
1276 2019 1641 2084 sententiae
1696 2031 1873 2084 notus
1920 2030 2053 2083 erat
2098 2015 2657 2100 significationem,
2718 2034 2867 2080 cum

522 2125 765 2189 sentire
811 2124 1162 2204 videretur,
1213 2126 1528 2206 quomodo
1578 2143 1657 2191 ex
1706 2126 2007 2208 opinione
2055 2143 2172 2190 sua
2208 2125 2544 2206 colligeret
2589 2123 2870 2188 haberet

521 2249 731 2314 neque
777 2250 930 2296 vero
976 2231 1217 2296 habere
1265 2237 1502 2312 posset.

701 2339 836 2403 Iam
903 2337 1188 2404 dubitari
1244 2358 1370 2404 non
1425 2342 1646 2420 potest
1699 2339 1851 2422 quin
1912 2338 2153 2404 Tibulli
2209 2338 2376 2403 liber
2432 2337 2678 2419 primus
2734 2357 2869 2402 non

524 2445 724 2510 multo
781 2450 932 2526 post
990 2445 1266 2526 Augusti
1339 2446 1743 2528 principatus
1803 2447 2059 2511 initium
2126 2446 2337 2510 editus
2396 2446 2483 2511 sit
2534 2445 2662 2510 nisi
2721 2444 2867 2526 quis

521 2555 709 2640 dicat·
773 2552 1016 2635 elegias
1083 2552 1366 2617 Marathi
1436 2559 1571 2620 tres
1630 2555 1719 2621 IV
1770 2554 1921 2621 VIII
1962 2554 2060 2618 IX
2116 2552 2534 2621 difficultates
2595 2572 2863 2635 parare3

523 2662 694 2744 quod
744 2661 1037 2742 equidem
1089 2660 1452 2726 dissuadeo.

699 2769 776 2833 In
822 2768 924 2832 his
971 2771 1189 2832 autem
1235 2767 1462 2849 elegiis
1510 2768 1671 2849 ipsis
1720 2786 1861 2832 cum
1916 2768 2097 2833 nulla
2157 2772 2333 2833 extet
2386 2766 2699 2848 temporis
2756 2767 2871 2831 de-

522 2876 728 2941 finitio
798 2874 924 2940 viri
995 2874 1170 2940 docti
1238 2875 1304 2939 in
1385 2876 1547 2940 duas
1619 2876 1978 2941 sententias
2060 2876 2526 2953 discesserunt3
2610 2874 2725 2938 alii
2794 2880 2869 2939 ut

526 2982 869 3048 Teuffelius
934 2982 1006 3065 (l.
1037 2982 1082 3046 l.
1115 3002 1182 3064 p.
1219 2984 1343 3045 477
1389 2980 1627 3065 sqq.)²)
1686 2988 1950 3048 censent
2006 3002 2117 3048 eas
2174 2984 2454 3064 scriptas
2522 2999 2665 3046 esse
2714 2986 2869 3047 ante

526 3090 768 3173 elegias
846 3088 1094 3167 Deliae,
1173 3088 1286 3153 alii
1363 3094 1438 3153 ut
1507 3089 1823 3154 Dissenus
1892 3092 1962 3175 (l.
2008 3092 2046 3155 l.
2094 3110 2154 3172 p.
2198 3091 2346 3173 XX)
2428 3088 2867 3153 Baehrensius

526 3197 596 3279 (l.
630 3197 674 3261 l.
706 3216 769 3278 p.
808 3196 920 3280 22)
947 3196 1143 3277 paulo
1192 3201 1542 3279 antequam
1587 3196 1755 3262 liber
1784 3200 2027 3280 primus
2060 3199 2384 3263 ederetur.
2464 3196 2869 3277 Quamquam

528 3304 636 3386 qui
683 3303 750 3367 in
814 3303 914 3368 his
969 3302 1162 3367 rebus
1217 3309 1368 3384 post
1423 3304 1573 3370 illos
1632 3306 1869 3371 versati
1930 3306 2063 3370 sint
2116 3305 2411 3387 plerique
2466 3304 2745 3369 Disseno
2804 3308 2871 3368 et

525 3410 922 3475 Baehrensio
971 3393 1453 3492 adstipulantur
1469 3408 1521 3494 ⁸)
1570 3412 1779 3479 fateor
1835 3433 1937 3479 me
1994 3418 2209 3479 tamen
2268 3413 2333 3475 in
2390 3411 2663 3475 alteram
2722 3429 2867 3477 sen-

527 3518 800 3581 tentiam
845 3517 1054 3583 adhuc
1097 3517 1412 3583 inclinare
1441 3538 1634 3601 quam
1668 3539 1873 3602 nuper
1906 3520 2293 3585 Huebnerus
2326 3518 2425 3584 vir
2458 3518 2867 3583 doctissimus

528 3622 931 3707 stabilivit⁴).
1034 3626 1158 3690 Hic
1205 3626 1376 3692 enim
1431 3626 1857 3708 probabiliter
1916 3627 2213 3710 exposuit
2262 3624 2583 3691 Tibullum
2642 3625 2713 3690 in
2767 3623 2869 3687 his

669 3838 716 3907 1)
751 3836 983 3893 Constat
1019 3838 1414 3908 panegyricum
1439 3838 1731 3896 Messallae
1768 3844 2059 3911 postquam
2095 3838 2186 3893 hic
2226 3837 2569 3893 consulatum
2606 3836 2736 3891 iniit
2772 3836 2869 3891 sed

529 3930 656 3983 ante
693 3942 932 3997 pugnam
971 3926 1254 3983 Actiacam
1292 3927 1557 3997 scriptum
1595 3946 1715 3985 esse
1752 3933 1961 3985 aestate
2000 3946 2047 3985 a.
2076 3928 2291 3998 723131.

668 4015 716 4085 2)
751 4016 819 4073 cf.
849 4015 1301 4084 Scheidemantel,
1340 4015 1722 4071 Commentatt.
1750 4016 1963 4086 philoll.
1990 4018 2185 4088 quibus
2210 4016 2403 4071 Ottoni
2428 4016 2732 4071 Ribbeckio
2760 4020 2869 4071 etc.

533 4106 986 4175 congratulantur
1024 4106 1280 4176 discipuli
1319 4106 1649 4175 Lipsienses‚
1688 4105 1836 4175 Lips.
1870 4109 2004 4162 1888
2040 4123 2094 4175 p.
2121 4108 2242 4162 375.

673 4194 720 4263 3)
756 4195 824 4248 cf.
853 4194 1065 4250 Hankel
1102 4195 1138 4249 1.
1165 4195 1203 4249 l.
1226 4194 1437 4264 (Woch.
1465 4194 1500 4249 f.
1529 4194 1602 4249 kl.
1630 4194 1795 4263 Phil.)
1833 4211 1882 4263 p.
1926 4196 2036 4249 172.

673 4284 722 4353 4)
757 4284 940 4339 Herm.
965 4284 1102 4340 xlv
1136 4286 1326 4355 (1879)
1361 4302 1415 4355 p.
1444 4286 1566 4339 311.

3050 3428 3057 3477 l

3050 3966 3057 4013 l
