3075 5100
458 1374 604 1473 De
678 1371 908 1472 libri
983 1374 1393 1474 secundi
1469 1375 1903 1476 editione
1980 1379 2106 1501 ab
2181 1377 2400 1508 ipso

1005 1541 1394 1644 Tibullo
1473 1549 1837 1644 curata.

434 1852 492 1916 A
545 1852 872 1934 plerisque
926 1852 1119 1918 hodie
1177 1852 1403 1932 negari
1455 1852 1693 1918 librum
1750 1855 2098 1920 secundum
2148 1875 2185 1920 a
2234 1857 2485 1924 Tibullo
2532 1860 2599 1924 in

250 1959 464 2023 lucem
511 1959 812 2024 emissum
860 1979 1002 2024 esse
1047 1965 1270 2025 notum
1314 1963 1432 2024 est.
1508 1960 1607 2024 De
1641 1979 1769 2051 qua
1798 1980 1869 2026 re
1905 1981 2046 2026 cum
2080 1964 2375 2044 equidem
2407 1965 2599 2030 aliter

251 2065 552 2144 sentiam,
613 2071 678 2130 et
735 2065 1026 2148 singulae
1083 2067 1330 2148 elegiae
1387 2084 1465 2130 ex
1520 2067 1753 2148 quibus
1809 2069 2014 2132 critici
2073 2071 2287 2135 omnia
2344 2069 2477 2136 fere
2533 2073 2597 2136 in

252 2191 444 2238 suum
496 2190 684 2237 usum
747 2178 1203 2239 converterunt
1261 2173 1485 2254 quales
1548 2173 1680 2237 sint
1740 2174 1947 2239 denuo
2007 2193 2269 2242 necesse
2332 2183 2433 2244 est
2494 2199 2599 2243 ex-

253 2280 624 2344 aminentur
671 2282 737 2344 et
784 2281 950 2361 quod
985 2279 1313 2362 plerisque
1343 2279 1605 2344 brevior
1636 2280 1803 2346 liber
1837 2300 1977 2348 esse
2010 2283 2350 2349 videbatur
2380 2289 2597 2350 utrum

251 2391 436 2450 recte
485 2387 780 2468 culpetur
826 2405 1027 2452 necne
1074 2388 1260 2452 decet
1307 2405 1639 2467 quaerere.

436 2494 536 2559 Ad
592 2499 933 2577 utrumque
991 2498 1205 2559 autem
1251 2498 1328 2559 ut
1374 2492 1566 2575 paulo
1618 2492 2042 2562 confidentius
2093 2498 2467 2563 accedamus
2517 2499 2597 2563 ad

249 2602 633 2671 testimonia
686 2602 901 2684 placet
968 2620 1322 2681 recurrere,
1371 2620 1521 2665 num
1592 2621 1719 2683 qua
1789 2603 1949 2667 satis
2020 2603 2160 2685 ipsa
2229 2605 2449 2670 iuvent
2520 2606 2603 2668 ad

253 2710 700 2791 quaestionem
753 2710 1243 2775 dissolvendam.

1270 2888 1589 2897 —-—-—-—-——

1388 3024 1456 3105 Ι.

255 3214 491 3327 Quid
555 3240 668 3300 ex
723 3217 1038 3301 Ovidio
1105 3219 1218 3300 ad
1285 3217 1508 3301 libri
1574 3218 2065 3303 editionem
2132 3220 2597 3303 redundet.

439 3466 705 3533 Ovidius
753 3486 920 3531 anno
973 3464 1217 3552 735119
1269 3486 1409 3532 cum
1443 3466 1733 3532 Tibullus
1766 3468 2103 3548 „iuvenis“
2151 3469 2343 3533 matri
2392 3470 2600 3535 sorori

255 3574 482 3639 amicis
529 3578 737 3639 morte
771 3578 1034 3655 ereptus
1067 3579 1240 3639 esset
1269 3574 1562 3655 elegiam,
1612 3578 1687 3638 ut
1736 3574 1846 3638 alii
1897 3576 1977 3640 ob
2027 3576 2303 3639 aliorum·
2331 3577 2595 3657 obitum,

258 3682 342 3746 ob
375 3686 608 3762 poetae
638 3680 1012 3746 memoriam
1047 3681 1404 3761 composuit
1439 3680 1679 3765 (Amor.
1707 3681 1820 3761 111,
1859 3680 1946 3764 9).
2022 3682 2197 3759 Quae
2230 3701 2372 3747 cum
2406 3683 2597 3763 digne

255 3787 569 3870 patefacit
623 3788 848 3869 quanti
896 3787 1160 3853 Ovidius
1208 3792 1466 3867 poetam
1522 3787 1823 3852 habuerit
1868 3792 2005 3851 tum
2052 3795 2337 3853 nostram
2387 3795 2601 3853 movet

259 3900 328 3960 et
375 3896 864 3960 admirationem
913 3912 1182 3976 poeseos
1231 3894 1584 3959 Ovidianae
1633 3899 1700 3959 et
1742 3912 2099 3958 maerorem
2148 3896 2317 3976 quod
2364 3895 2598 3959 Tibulli

139 3992 142 3995 ’
257 4001 440 4083 prius
489 4021 678 4083 quam
725 4019 844 4082 par
893 4005 1034 4065 erat
1081 4019 1152 4066 os
1201 4001 1609 4065 obmutuerit.
1689 4000 1785 4064 De
1831 4006 2121 4080 tempore
2162 4006 2377 4065 autem
2407 4001 2596 4067 huius

260 4109 534 4189 epicedii
569 4109 670 4173 vix
703 4108 1126 4186 dubitaveris3
1161 4127 1310 4172 nam
1341 4125 1726 4189 quamquam
1758 4105 1991 4173 desunt
2022 4110 2223 4170 testes
2257 4124 2334 4169 ex
2367 4107 2595 4188 quibus

262 4215 479 4297 colligi
535 4214 744 4297 possit
797 4214 1030 4295 *quibus
1087 4214 1272 4280 annis
1320 4214 1587 4279 Ovidius
1640 4214 1896 4295 singula
1949 4214 2255 4277 Amorum
2314 4214 2597 4278 carmina
