<?xml version="1.0" encoding="UTF-8"?>
<!DOCTYPE html PUBLIC "-//W3C//DTD XHTML 1.0 Transitional//EN"
    "http://www.w3.org/TR/xhtml1/DTD/xhtml1-transitional.dtd">
<html xmlns="http://www.w3.org/1999/xhtml" xml:lang="en" lang="en">
 <head>
  <title>
</title>
<meta http-equiv="Content-Type" content="text/html;charset=utf-8" />
  <meta name='ocr-system' content='tesseract 3.04.00' />
  <meta name='ocr-capabilities' content='ocr_page ocr_carea ocr_par ocr_line ocrx_word'/>
</head>
<body>
  <div class='ocr_page' id='page_1' title='image "./studiatibullian01ullrgoog_0013.png"; bbox 0 0 3075 5100; ppageno 0'>
   <div class='ocr_carea' id='block_1_1' title="bbox 210 1331 2572 1556">
    <p class='ocr_par' dir='ltr' id='par_1_1' title="bbox 210 1331 2572 1556">
     <span class='ocr_line' id='line_1_1' title="bbox 399 1331 2572 1448; baseline 0 -18"><span class='ocrx_word' id='word_1_1' title='bbox 399 1331 663 1434; x_wconf 76' lang='lat' dir='ltr'><strong>Tibulli</strong></span> <span class='ocrx_word' id='word_1_2' title='bbox 705 1367 990 1446; x_wconf 85' lang='lat' dir='ltr'><strong>carmina</strong></span> <span class='ocrx_word' id='word_1_3' title='bbox 1031 1367 1262 1448; x_wconf 91' lang='lat' dir='ltr'><strong>quibus</strong></span> <span class='ocrx_word' id='word_1_4' title='bbox 1295 1366 1553 1432; x_wconf 85' lang='lat' dir='ltr'><strong>auxiliis</strong></span> <span class='ocrx_word' id='word_1_5' title='bbox 1586 1370 1654 1431; x_wconf 92' lang='lat' dir='ltr'><strong>et</strong></span> <span class='ocrx_word' id='word_1_6' title='bbox 1684 1364 2043 1431; x_wconf 89' lang='lat' dir='ltr'><strong>rationibus</strong></span> <span class='ocrx_word' id='word_1_7' title='bbox 2086 1367 2572 1432; x_wconf 89' lang='lat' dir='ltr'><strong>recensenda</strong></span> 
     </span>
     <span class='ocr_line' id='line_1_2' title="bbox 210 1472 2566 1556; baseline 0 -18"><span class='ocrx_word' id='word_1_8' title='bbox 210 1477 350 1539; x_wconf 88' lang='lat' dir='ltr'><strong>sint</strong></span> <span class='ocrx_word' id='word_1_9' title='bbox 384 1494 522 1539; x_wconf 92' lang='lat' dir='ltr'><strong>cum</strong></span> <span class='ocrx_word' id='word_1_10' title='bbox 557 1474 803 1556; x_wconf 87' lang='lat' dir='ltr'><strong>primus</strong></span> <span class='ocrx_word' id='word_1_11' title='bbox 830 1473 1277 1538; x_wconf 86' lang='lat' dir='ltr'><strong>Lachmannus</strong></span> <span class='ocrx_word' id='word_1_12' title='bbox 1298 1473 1342 1546; x_wconf 91' lang='lat'><strong>¹)</strong></span> <span class='ocrx_word' id='word_1_13' title='bbox 1377 1474 1476 1538; x_wconf 85' lang='lat' dir='ltr'><strong>vir</strong></span> <span class='ocrx_word' id='word_1_14' title='bbox 1509 1473 1857 1554; x_wconf 82' lang='lat' dir='ltr'><strong>singularis</strong></span> <span class='ocrx_word' id='word_1_15' title='bbox 1891 1472 2229 1553; x_wconf 83' lang='lat' dir='ltr'><strong>splendide</strong></span> <span class='ocrx_word' id='word_1_16' title='bbox 2255 1473 2566 1554; x_wconf 80' lang='lat' dir='ltr'><strong>docuerit,</strong></span> 
     </span>
    </p>
   </div>
   <div class='ocr_carea' id='block_1_2' title="bbox 102 1575 2569 1662">
    <p class='ocr_par' dir='ltr' id='par_1_2' title="bbox 102 1575 2569 1662">
     <span class='ocr_line' id='line_1_3' title="bbox 102 1575 2569 1662; baseline 0 -18"><span class='ocrx_word' id='word_1_17' title='bbox 102 1609 113 1616; x_wconf 94' lang='lat'><strong>·</strong></span> <span class='ocrx_word' id='word_1_18' title='bbox 208 1581 608 1646; x_wconf 90' lang='lat' dir='ltr'><strong>firmaverit.</strong></span> <span class='ocrx_word' id='word_1_19' title='bbox 646 1584 781 1645; x_wconf 91' lang='lat' dir='ltr'><strong>tum</strong></span> <span class='ocrx_word' id='word_1_20' title='bbox 838 1578 1257 1662; x_wconf 81' lang='lat' dir='ltr'><strong>Hauptius²)‚</strong></span> <span class='ocrx_word' id='word_1_21' title='bbox 1321 1580 1597 1660; x_wconf 89' lang='lat' dir='ltr'><strong>denique</strong></span> <span class='ocrx_word' id='word_1_22' title='bbox 1653 1575 2007 1662; x_wconf 79' lang='lat' dir='ltr'><strong>Hillerus⁸)</strong></span> <span class='ocrx_word' id='word_1_23' title='bbox 2070 1581 2415 1661; x_wconf 80' lang='lat' dir='ltr'><strong>assumptis</strong></span> <span class='ocrx_word' id='word_1_24' title='bbox 2477 1581 2569 1645; x_wconf 92' lang='lat' dir='ltr'><strong>eis</strong></span> 
     </span>
    </p>
   </div>
   <div class='ocr_carea' id='block_1_3' title="bbox 207 1684 2569 2088">
    <p class='ocr_par' dir='ltr' id='par_1_3' title="bbox 207 1684 2569 2088">
     <span class='ocr_line' id='line_1_4' title="bbox 211 1684 2569 1768; baseline -0.001 -16"><span class='ocrx_word' id='word_1_25' title='bbox 211 1687 544 1754; x_wconf 84' lang='lat' dir='ltr'><strong>codicibus</strong></span> <span class='ocrx_word' id='word_1_26' title='bbox 615 1704 775 1767; x_wconf 86' lang='lat' dir='ltr'><strong>quos</strong></span> <span class='ocrx_word' id='word_1_27' title='bbox 831 1684 1333 1768; x_wconf 80' lang='lat' dir='ltr'><strong>Baehrensius⁴)</strong></span> <span class='ocrx_word' id='word_1_28' title='bbox 1400 1687 1468 1749; x_wconf 88' lang='lat' dir='ltr'><strong>in</strong></span> <span class='ocrx_word' id='word_1_29' title='bbox 1537 1685 1745 1750; x_wconf 90' lang='lat' dir='ltr'><strong>lucem</strong></span> <span class='ocrx_word' id='word_1_30' title='bbox 1813 1685 2088 1766; x_wconf 90' lang='lat' dir='ltr'><strong>protulit</strong></span> <span class='ocrx_word' id='word_1_31' title='bbox 2154 1689 2569 1768; x_wconf 89' lang='lat' dir='ltr'><strong>(quamquam</strong></span> 
     </span>
     <span class='ocr_line' id='line_1_5' title="bbox 207 1791 2569 1874; baseline -0 -17"><span class='ocrx_word' id='word_1_32' title='bbox 207 1793 501 1858; x_wconf 84' lang='lat' dir='ltr'><strong>editione</strong></span> <span class='ocrx_word' id='word_1_33' title='bbox 517 1791 568 1874; x_wconf 74' lang='lat'><strong>⁵)</strong></span> <span class='ocrx_word' id='word_1_34' title='bbox 626 1792 719 1856; x_wconf 85' lang='lat' dir='ltr'><strong>ab</strong></span> <span class='ocrx_word' id='word_1_35' title='bbox 795 1793 937 1873; x_wconf 87' lang='lat' dir='ltr'><strong>ipso</strong></span> <span class='ocrx_word' id='word_1_36' title='bbox 1009 1796 1234 1857; x_wconf 89' lang='lat' dir='ltr'><strong>curata</strong></span> <span class='ocrx_word' id='word_1_37' title='bbox 1297 1792 1502 1857; x_wconf 91' lang='lat' dir='ltr'><strong>libere</strong></span> <span class='ocrx_word' id='word_1_38' title='bbox 1564 1791 1960 1856; x_wconf 88' lang='lat' dir='ltr'><strong>emendando</strong></span> <span class='ocrx_word' id='word_1_39' title='bbox 2016 1791 2233 1856; x_wconf 89' lang='lat' dir='ltr'><strong>meriti</strong></span> <span class='ocrx_word' id='word_1_40' title='bbox 2290 1791 2569 1856; x_wconf 84' lang='lat' dir='ltr'><strong>fructum</strong></span> 
     </span>
     <span class='ocr_line' id='line_1_6' title="bbox 207 1898 2569 1984; baseline -0.001 -19"><span class='ocrx_word' id='word_1_41' title='bbox 207 1901 448 1965; x_wconf 89' lang='lat' dir='ltr'><strong>mirum</strong></span> <span class='ocrx_word' id='word_1_42' title='bbox 496 1902 804 1981; x_wconf 91' lang='lat' dir='ltr'><strong>quantum</strong></span> <span class='ocrx_word' id='word_1_43' title='bbox 854 1898 1165 1984; x_wconf 89' lang='lat' dir='ltr'><strong>perdidit)</strong></span> <span class='ocrx_word' id='word_1_44' title='bbox 1212 1918 1417 1980; x_wconf 83' lang='lat' dir='ltr'><strong>nuper</strong></span> <span class='ocrx_word' id='word_1_45' title='bbox 1476 1899 1664 1964; x_wconf 88' lang='lat' dir='ltr'><strong>docte</strong></span> <span class='ocrx_word' id='word_1_46' title='bbox 1721 1898 2214 1980; x_wconf 80' lang='lat' dir='ltr'><strong>praedicaverit,</strong></span> <span class='ocrx_word' id='word_1_47' title='bbox 2267 1899 2395 1962; x_wconf 91' lang='lat' dir='ltr'><strong>iam</strong></span> <span class='ocrx_word' id='word_1_48' title='bbox 2443 1899 2569 1964; x_wconf 92' lang='lat' dir='ltr'><strong>nisi</strong></span> 
     </span>
     <span class='ocr_line' id='line_1_7' title="bbox 208 2004 2567 2088; baseline -0.001 -16"><span class='ocrx_word' id='word_1_49' title='bbox 208 2007 384 2072; x_wconf 83' lang='lat' dir='ltr'><strong>forte</strong></span> <span class='ocrx_word' id='word_1_50' title='bbox 440 2007 588 2072; x_wconf 80' lang='lat' dir='ltr'><strong>nov-i</strong></span> <span class='ocrx_word' id='word_1_51' title='bbox 644 2006 818 2088; x_wconf 89' lang='lat' dir='ltr'><strong>iique</strong></span> <span class='ocrx_word' id='word_1_52' title='bbox 875 2005 969 2070; x_wconf 88' lang='lat' dir='ltr'><strong>eis</strong></span> <span class='ocrx_word' id='word_1_53' title='bbox 1018 2007 1127 2087; x_wconf 93' lang='lat' dir='ltr'><strong>qui</strong></span> <span class='ocrx_word' id='word_1_54' title='bbox 1176 2009 1400 2070; x_wconf 83' lang='lat' dir='ltr'><strong>extant</strong></span> <span class='ocrx_word' id='word_1_55' title='bbox 1443 2004 1657 2070; x_wconf 85' lang='lat' dir='ltr'><strong>fontes</strong></span> <span class='ocrx_word' id='word_1_56' title='bbox 1706 2005 2005 2071; x_wconf 88' lang='lat' dir='ltr'><strong>meliores</strong></span> <span class='ocrx_word' id='word_1_57' title='bbox 2057 2023 2131 2070; x_wconf 87' lang='lat' dir='ltr'><strong>ac</strong></span> <span class='ocrx_word' id='word_1_58' title='bbox 2178 2005 2567 2072; x_wconf 88' lang='lat' dir='ltr'><strong>vetustiores</strong></span> 
     </span>
    </p>
   </div>
   <div class='ocr_carea' id='block_1_4' title="bbox 25 2085 1751 2202">
    <p class='ocr_par' dir='ltr' id='par_1_4' title="bbox 25 2085 1751 2202">
     <span class='ocr_line' id='line_1_8' title="bbox 25 2085 1751 2202; baseline -0.004 -20"><span class='ocrx_word' id='word_1_59' title='bbox 25 2113 39 2132; x_wconf 67' lang='lat'>⁵</span> <span class='ocrx_word' id='word_1_60' title='bbox 131 2085 156 2202; x_wconf 18' lang='grc' dir='ltr'><strong>,Ι</strong></span> <span class='ocrx_word' id='word_1_61' title='bbox 206 2100 560 2196; x_wconf 84' lang='lat' dir='ltr'><strong>prodeunt,</strong></span> <span class='ocrx_word' id='word_1_62' title='bbox 592 2106 1013 2194; x_wconf 74' lang='lat' dir='ltr'><strong>&#39;exploratum</strong></span> <span class='ocrx_word' id='word_1_63' title='bbox 1059 2111 1197 2178; x_wconf 84' lang='lat' dir='ltr'><strong>fere</strong></span> <span class='ocrx_word' id='word_1_64' title='bbox 1241 2113 1483 2178; x_wconf 89' lang='lat' dir='ltr'><strong>habere</strong></span> <span class='ocrx_word' id='word_1_65' title='bbox 1529 2112 1703 2177; x_wconf 90' lang='lat' dir='ltr'><strong>licet.</strong></span> <span class='ocrx_word' id='word_1_66' title='bbox 1748 2143 1751 2148; x_wconf 91' lang='lat'><em>·</em></span> 
     </span>
    </p>
   </div>
   <div class='ocr_carea' id='block_1_5' title="bbox 99 2218 2567 3159">
    <p class='ocr_par' dir='ltr' id='par_1_5' title="bbox 99 2218 2567 3159">
     <span class='ocr_line' id='line_1_9' title="bbox 281 2218 2567 2306; baseline 0 -22"><span class='ocrx_word' id='word_1_67' title='bbox 281 2303 284 2306; x_wconf 10' lang='grc' dir='ltr'><strong>Δ</strong></span> <span class='ocrx_word' id='word_1_68' title='bbox 395 2220 508 2285; x_wconf 88' lang='lat' dir='ltr'><strong>Eis</strong></span> <span class='ocrx_word' id='word_1_69' title='bbox 542 2223 758 2290; x_wconf 80' lang='lat' dir='ltr'><strong>autem</strong></span> <span class='ocrx_word' id='word_1_70' title='bbox 783 2221 894 2301; x_wconf 92' lang='lat' dir='ltr'><strong>qui</strong></span> <span class='ocrx_word' id='word_1_71' title='bbox 924 2219 1541 2302; x_wconf 88' lang='lat' dir='ltr'><strong>interpretando</strong></span> <span class='ocrx_word' id='word_1_72' title='bbox 1572 2219 1743 2283; x_wconf 91' lang='lat' dir='ltr'><strong>hunc</strong></span> <span class='ocrx_word' id='word_1_73' title='bbox 1766 2222 2025 2301; x_wconf 89' lang='lat' dir='ltr'><strong>poetam</strong></span> <span class='ocrx_word' id='word_1_74' title='bbox 2049 2218 2273 2284; x_wconf 88' lang='lat' dir='ltr'><strong>iuvare</strong></span> <span class='ocrx_word' id='word_1_75' title='bbox 2300 2219 2567 2301; x_wconf 92' lang='lat' dir='ltr'><strong>cupiunt</strong></span> 
     </span>
     <span class='ocr_line' id='line_1_10' title="bbox 99 2323 2567 2416; baseline 0 -24"><span class='ocrx_word' id='word_1_76' title='bbox 99 2353 114 2399; x_wconf 70' lang='grc'><strong>,·</strong></span> <span class='ocrx_word' id='word_1_77' title='bbox 207 2323 524 2416; x_wconf 81' lang='lat' dir='ltr'><strong>quantum</strong></span> <span class='ocrx_word' id='word_1_78' title='bbox 574 2331 643 2392; x_wconf 89' lang='lat' dir='ltr'><strong>et</strong></span> <span class='ocrx_word' id='word_1_79' title='bbox 685 2332 838 2408; x_wconf 91' lang='lat' dir='ltr'><strong>post</strong></span> <span class='ocrx_word' id='word_1_80' title='bbox 869 2326 1128 2392; x_wconf 90' lang='lat' dir='ltr'><strong>D1ssen1</strong></span> <span class='ocrx_word' id='word_1_81' title='bbox 1146 2323 1199 2412; x_wconf 78' lang='lat'><strong>⁰)</strong></span> <span class='ocrx_word' id='word_1_82' title='bbox 1247 2327 1366 2392; x_wconf 86' lang='lat' dir='ltr'><strong>viri</strong></span> <span class='ocrx_word' id='word_1_83' title='bbox 1415 2326 1772 2393; x_wconf 87' lang='lat' dir='ltr'><strong>doctissimi</strong></span> <span class='ocrx_word' id='word_1_84' title='bbox 1822 2327 2346 2392; x_wconf 89' lang='lat' dir='ltr'><strong>commentarium</strong></span> <span class='ocrx_word' id='word_1_85' title='bbox 2393 2328 2567 2392; x_wconf 91' lang='lat' dir='ltr'><strong>locu-</strong></span> 
     </span>
     <span class='ocr_line' id='line_1_11' title="bbox 205 2429 2566 2543; baseline 0 -45"><span class='ocrx_word' id='word_1_86' title='bbox 205 2433 645 2516; x_wconf 90' lang='lat' dir='ltr'><strong>pletissimum</strong></span> <span class='ocrx_word' id='word_1_87' title='bbox 677 2431 1154 2515; x_wconf 81' lang='lat' dir='ltr'><strong>relinqueretur</strong></span> <span class='ocrx_word' id='word_1_88' title='bbox 1188 2451 1329 2499; x_wconf 91' lang='lat' dir='ltr'><strong>cum</strong></span> <span class='ocrx_word' id='word_1_89' title='bbox 1363 2433 1534 2528; x_wconf 83' lang='lat' dir='ltr'><strong>idem</strong></span> <span class='ocrx_word' id='word_1_90' title='bbox 1570 2432 2025 2543; x_wconf 72' lang='lat' dir='ltr'><strong>Lachmannus</strong></span> <span class='ocrx_word' id='word_1_91' title='bbox 2051 2429 2104 2513; x_wconf 79' lang='lat'><strong>⁷)</strong></span> <span class='ocrx_word' id='word_1_92' title='bbox 2133 2437 2267 2499; x_wconf 89' lang='lat' dir='ltr'><strong>tum</strong></span> <span class='ocrx_word' id='word_1_93' title='bbox 2301 2438 2566 2516; x_wconf 88' lang='lat' dir='ltr'><strong>praeter</strong></span> 
     </span>
     <span class='ocr_line' id='line_1_12' title="bbox 207 2525 2566 2640; baseline 0.001 -33"><span class='ocrx_word' id='word_1_94' title='bbox 207 2548 464 2609; x_wconf 87' lang='lat' dir='ltr'><strong>ceteros</strong></span> <span class='ocrx_word' id='word_1_95' title='bbox 526 2537 926 2623; x_wconf 81' lang='lat' dir='ltr'><strong>Vahlenus⁸)</strong></span> <span class='ocrx_word' id='word_1_96' title='bbox 978 2544 1045 2606; x_wconf 90' lang='lat' dir='ltr'><strong>et</strong></span> <span class='ocrx_word' id='word_1_97' title='bbox 1101 2540 1239 2633; x_wconf 81' lang='lat' dir='ltr'><strong>Leo</strong></span> <span class='ocrx_word' id='word_1_98' title='bbox 1234 2531 1349 2624; x_wconf 91' lang='grc'><strong>9)</strong></span> <span class='ocrx_word' id='word_1_99' title='bbox 1354 2541 1502 2640; x_wconf 54' lang='lat' dir='ltr'><strong>ipsi</strong></span> <span class='ocrx_word' id='word_1_100' title='bbox 1558 2525 1763 2627; x_wconf 70' lang='lat' dir='ltr'><strong>multa</strong></span> <span class='ocrx_word' id='word_1_101' title='bbox 1819 2528 1949 2619; x_wconf 65' lang='lat' dir='ltr'><strong>zion</strong></span> <span class='ocrx_word' id='word_1_102' title='bbox 2008 2541 2255 2608; x_wconf 90' lang='lat' dir='ltr'><strong>minore</strong></span> <span class='ocrx_word' id='word_1_103' title='bbox 2312 2541 2566 2609; x_wconf 87' lang='lat' dir='ltr'><strong>ratione</strong></span> 
     </span>
     <span class='ocr_line' id='line_1_13' title="bbox 206 2640 2566 2753; baseline 0 -39"><span class='ocrx_word' id='word_1_104' title='bbox 206 2668 404 2731; x_wconf 89' lang='lat' dir='ltr'><strong>quam</strong></span> <span class='ocrx_word' id='word_1_105' title='bbox 452 2648 744 2714; x_wconf 87' lang='lat' dir='ltr'><strong>acumine</strong></span> <span class='ocrx_word' id='word_1_106' title='bbox 777 2645 1194 2730; x_wconf 77' lang='lat' dir='ltr'><strong>explicantes</strong></span> <span class='ocrx_word' id='word_1_107' title='bbox 1203 2640 1559 2719; x_wconf 70' lang='lat' dir='ltr'><strong>clarissime</strong></span> <span class='ocrx_word' id='word_1_108' title='bbox 1548 2650 1797 2753; x_wconf 77' lang='lat' dir='ltr'><strong>prqba</strong></span> <span class='ocrx_word' id='word_1_109' title='bbox 1799 2654 2051 2714; x_wconf 76' lang='lat' dir='ltr'><strong>Jerunt.</strong></span> <span class='ocrx_word' id='word_1_110' title='bbox 2132 2650 2346 2731; x_wconf 89' lang='lat' dir='ltr'><strong>Atque</strong></span> <span class='ocrx_word' id='word_1_111' title='bbox 2377 2653 2566 2730; x_wconf 89' lang='lat' dir='ltr'><strong>patet</strong></span> 
     </span>
     <span class='ocr_line' id='line_1_14' title="bbox 205 2723 2563 2851; baseline 0.001 -32"><span class='ocrx_word' id='word_1_112' title='bbox 205 2776 289 2820; x_wconf 84' lang='lat' dir='ltr'><strong>ex</strong></span> <span class='ocrx_word' id='word_1_113' title='bbox 359 2756 588 2821; x_wconf 89' lang='lat' dir='ltr'><strong>horum</strong></span> <span class='ocrx_word' id='word_1_114' title='bbox 647 2756 1134 2837; x_wconf 89' lang='lat' dir='ltr'><strong>quaestionibus</strong></span> <span class='ocrx_word' id='word_1_115' title='bbox 1193 2723 1499 2851; x_wconf 49' lang='lat' dir='ltr'><strong>criticos:</strong></span> <span class='ocrx_word' id='word_1_116' title='bbox 1485 2776 1679 2846; x_wconf 71' lang='lat' dir='ltr'><strong>non</strong></span> <span class='ocrx_word' id='word_1_117' title='bbox 1697 2744 1845 2824; x_wconf 59' lang='lat' dir='ltr'><strong>{earo</strong></span> <span class='ocrx_word' id='word_1_118' title='bbox 1904 2776 1981 2822; x_wconf 91' lang='lat' dir='ltr'><strong>ea</strong></span> <span class='ocrx_word' id='word_1_119' title='bbox 2036 2756 2115 2821; x_wconf 89' lang='lat' dir='ltr'><strong>de</strong></span> <span class='ocrx_word' id='word_1_120' title='bbox 2176 2775 2370 2822; x_wconf 87' lang='lat' dir='ltr'><strong>causa</strong></span> <span class='ocrx_word' id='word_1_121' title='bbox 2426 2776 2563 2821; x_wconf 86' lang='lat' dir='ltr'><strong>car-</strong></span> 
     </span>
     <span class='ocr_line' id='line_1_15' title="bbox 111 2840 2561 2973; baseline 0.002 -46"><span class='ocrx_word' id='word_1_122' title='bbox 111 2901 121 2914; x_wconf 75' lang='lat'>=</span> <span class='ocrx_word' id='word_1_123' title='bbox 202 2862 489 2928; x_wconf 91' lang='lat' dir='ltr'><strong>minibus</strong></span> <span class='ocrx_word' id='word_1_124' title='bbox 521 2863 862 2927; x_wconf 86' lang='lat' dir='ltr'><strong>tersissimi</strong></span> <span class='ocrx_word' id='word_1_125' title='bbox 909 2867 1142 2943; x_wconf 90' lang='lat' dir='ltr'><strong>poetae</strong></span> <span class='ocrx_word' id='word_1_126' title='bbox 1188 2864 1538 2973; x_wconf 58' lang='lat' dir='ltr'><strong>nocuiseQ</strong></span> <span class='ocrx_word' id='word_1_127' title='bbox 1547 2864 1749 2951; x_wconf 58' lang='lat' dir='ltr'><strong>guod</strong></span> <span class='ocrx_word' id='word_1_128' title='bbox 1759 2840 2056 2958; x_wconf 54' lang='lat' dir='ltr'><strong>frationes</strong></span> <span class='ocrx_word' id='word_1_129' title='bbox 2088 2864 2190 2929; x_wconf 89' lang='lat' dir='ltr'><strong>vel</strong></span> <span class='ocrx_word' id='word_1_130' title='bbox 2226 2863 2561 2945; x_wconf 84' lang='lat' dir='ltr'><strong>opiniones</strong></span> 
     </span>
     <span class='ocr_line' id='line_1_16' title="bbox 205 2949 2557 3054; baseline 0 -21"><span class='ocrx_word' id='word_1_131' title='bbox 205 2968 609 3035; x_wconf 83' lang='lat' dir='ltr'><strong>extrinsecus</strong></span> <span class='ocrx_word' id='word_1_132' title='bbox 655 2969 898 3050; x_wconf 90' lang='lat' dir='ltr'><strong>petitas</strong></span> <span class='ocrx_word' id='word_1_133' title='bbox 947 2963 1414 3054; x_wconf 76' lang='lat' dir='ltr'><strong>admiscentes</strong></span> <span class='ocrx_word' id='word_1_134' title='bbox 1416 2949 1581 3039; x_wconf 63' lang='lat'>13:023</span> <span class='ocrx_word' id='word_1_135' title='bbox 1605 2988 1720 3035; x_wconf 89' lang='lat' dir='ltr'><strong>ea</strong></span> <span class='ocrx_word' id='word_1_136' title='bbox 1731 2985 1858 3053; x_wconf 85' lang='lat' dir='ltr'><strong>qua</strong></span> <span class='ocrx_word' id='word_1_137' title='bbox 1906 2971 2089 3037; x_wconf 89' lang='lat' dir='ltr'><strong>decet</strong></span> <span class='ocrx_word' id='word_1_138' title='bbox 2122 2971 2508 3052; x_wconf 84' lang='lat' dir='ltr'><strong>diligentia</strong></span> <span class='ocrx_word' id='word_1_139' title='bbox 2490 2990 2557 3034; x_wconf 89' lang='lat' dir='ltr'><strong>m</strong></span> 
     </span>
     <span class='ocr_line' id='line_1_17' title="bbox 203 3075 2558 3159; baseline 0.001 -19"><span class='ocrx_word' id='word_1_140' title='bbox 203 3075 564 3141; x_wconf 87' lang='lat' dir='ltr'><strong>carminum</strong></span> <span class='ocrx_word' id='word_1_141' title='bbox 610 3076 897 3157; x_wconf 89' lang='lat' dir='ltr'><strong>ipsorum</strong></span> <span class='ocrx_word' id='word_1_142' title='bbox 958 3076 1483 3156; x_wconf 88' lang='lat' dir='ltr'><strong>compositionem</strong></span> <span class='ocrx_word' id='word_1_143' title='bbox 1532 3076 1965 3159; x_wconf 91' lang='lat' dir='ltr'><strong>inquirebant.</strong></span> <span class='ocrx_word' id='word_1_144' title='bbox 2062 3078 2273 3156; x_wconf 83' lang='lat' dir='ltr'><strong>Quare</strong></span> <span class='ocrx_word' id='word_1_145' title='bbox 2318 3076 2558 3143; x_wconf 88' lang='lat' dir='ltr'><strong>factum</strong></span> 
     </span>
    </p>
   </div>
   <div class='ocr_carea' id='block_1_6' title="bbox 201 3218 634 3230">
    <p class='ocr_par' dir='ltr' id='par_1_6' title="bbox 201 3218 634 3230">
     <span class='ocr_line' id='line_1_18' title="bbox 201 3218 634 3230; baseline 0 0"><span class='ocrx_word' id='word_1_146' title='bbox 201 3218 634 3230; x_wconf 95' lang='lat' dir='ltr'><strong> </strong></span> 
     </span>
    </p>
   </div>
   <div class='ocr_carea' id='block_1_7' title="bbox 195 3284 2553 4157">
    <p class='ocr_par' dir='ltr' id='par_1_7' title="bbox 348 3284 1753 3357">
     <span class='ocr_line' id='line_1_19' title="bbox 348 3284 1753 3357; baseline 0.004 -18"><span class='ocrx_word' id='word_1_147' title='bbox 348 3286 396 3355; x_wconf 88' lang='lat'><strong>1)</strong></span> <span class='ocrx_word' id='word_1_148' title='bbox 431 3284 582 3340; x_wconf 90' lang='lat' dir='ltr'><strong>Albii</strong></span> <span class='ocrx_word' id='word_1_149' title='bbox 619 3286 826 3341; x_wconf 86' lang='lat' dir='ltr'><strong>Tibulli</strong></span> <span class='ocrx_word' id='word_1_150' title='bbox 862 3286 992 3341; x_wconf 89' lang='lat' dir='ltr'><strong>libri</strong></span> <span class='ocrx_word' id='word_1_151' title='bbox 1031 3290 1304 3357; x_wconf 85' lang='lat' dir='ltr'><strong>quattuor.</strong></span> <span class='ocrx_word' id='word_1_152' title='bbox 1378 3286 1560 3343; x_wconf 87' lang='lat' dir='ltr'><strong>Berol.</strong></span> <span class='ocrx_word' id='word_1_153' title='bbox 1602 3290 1753 3344; x_wconf 83' lang='lat'><strong>1829.</strong></span> 
     </span>
    </p>

    <p class='ocr_par' dir='ltr' id='par_1_8' title="bbox 347 3362 2461 3447">
     <span class='ocr_line' id='line_1_20' title="bbox 347 3362 2461 3447; baseline 0.001 -18"><span class='ocrx_word' id='word_1_154' title='bbox 347 3376 396 3445; x_wconf 74' lang='grc'><strong>2)</strong></span> <span class='ocrx_word' id='word_1_155' title='bbox 433 3374 638 3429; x_wconf 81' lang='lat' dir='ltr'><strong>Catulli</strong></span> <span class='ocrx_word' id='word_1_156' title='bbox 675 3375 881 3430; x_wconf 86' lang='lat' dir='ltr'><strong>Tibulli</strong></span> <span class='ocrx_word' id='word_1_157' title='bbox 915 3376 1194 3447; x_wconf 86' lang='lat' dir='ltr'><strong>Propertii</strong></span> <span class='ocrx_word' id='word_1_158' title='bbox 1233 3378 1488 3439; x_wconf 85' lang='lat' dir='ltr'><strong>carmina,</strong></span> <span class='ocrx_word' id='word_1_159' title='bbox 1528 3393 1642 3433; x_wconf 87' lang='lat' dir='ltr'><strong>cur.</strong></span> <span class='ocrx_word' id='word_1_160' title='bbox 1684 3377 1735 3431; x_wconf 92' lang='lat' dir='ltr'><strong>J.</strong></span> <span class='ocrx_word' id='word_1_161' title='bbox 1773 3362 2004 3433; x_wconf 82' lang='lat' dir='ltr'><strong>Vahlen.</strong></span> <span class='ocrx_word' id='word_1_162' title='bbox 2079 3377 2227 3447; x_wconf 88' lang='lat' dir='ltr'><strong>Lips.</strong></span> <span class='ocrx_word' id='word_1_163' title='bbox 2274 3378 2409 3433; x_wconf 87' lang='lat'>1885</span> <span class='ocrx_word' id='word_1_164' title='bbox 2423 3376 2461 3431; x_wconf 81' lang='lat'><strong>⁵.</strong></span> 
     </span>
    </p>

    <p class='ocr_par' dir='ltr' id='par_1_9' title="bbox 345 3463 2548 3537">
     <span class='ocr_line' id='line_1_21' title="bbox 345 3463 2548 3537; baseline 0.002 -20"><span class='ocrx_word' id='word_1_165' title='bbox 345 3464 393 3533; x_wconf 82' lang='lat'><strong>3)</strong></span> <span class='ocrx_word' id='word_1_166' title='bbox 430 3463 578 3518; x_wconf 88' lang='lat' dir='ltr'><strong>Albii</strong></span> <span class='ocrx_word' id='word_1_167' title='bbox 603 3465 810 3519; x_wconf 89' lang='lat' dir='ltr'><strong>Tibulli</strong></span> <span class='ocrx_word' id='word_1_168' title='bbox 847 3465 1056 3535; x_wconf 84' lang='lat' dir='ltr'><strong>elegiae</strong></span> <span class='ocrx_word' id='word_1_169' title='bbox 1095 3482 1216 3522; x_wconf 87' lang='lat' dir='ltr'><strong>cum</strong></span> <span class='ocrx_word' id='word_1_170' title='bbox 1255 3466 1584 3520; x_wconf 81' lang='lat' dir='ltr'><strong>carminibus</strong></span> <span class='ocrx_word' id='word_1_171' title='bbox 1609 3465 2151 3523; x_wconf 72' lang='lat' dir='ltr'><strong>PseudotibullianiS.</strong></span> <span class='ocrx_word' id='word_1_172' title='bbox 2216 3467 2363 3537; x_wconf 83' lang='lat' dir='ltr'><strong>Lips.</strong></span> <span class='ocrx_word' id='word_1_173' title='bbox 2397 3468 2548 3522; x_wconf 84' lang='lat'><strong>1885.</strong></span> 
     </span>
    </p>

    <p class='ocr_par' dir='ltr' id='par_1_10' title="bbox 295 3552 1765 3628">
     <span class='ocr_line' id='line_1_22' title="bbox 295 3552 1765 3628; baseline 0.003 -23"><span class='ocrx_word' id='word_1_174' title='bbox 295 3582 301 3587; x_wconf 91' lang='lat'>-</span> <span class='ocrx_word' id='word_1_175' title='bbox 343 3552 394 3621; x_wconf 82' lang='lat'><strong>4)</strong></span> <span class='ocrx_word' id='word_1_176' title='bbox 429 3552 768 3608; x_wconf 85' lang='lat' dir='ltr'><strong>Tibullische</strong></span> <span class='ocrx_word' id='word_1_177' title='bbox 805 3554 1036 3622; x_wconf 72' lang='lat' dir='ltr'><strong>matter,</strong></span> <span class='ocrx_word' id='word_1_178' title='bbox 1075 3554 1217 3609; x_wconf 86' lang='lat' dir='ltr'><strong>Jena</strong></span> <span class='ocrx_word' id='word_1_179' title='bbox 1258 3557 1411 3622; x_wconf 86' lang='grc'><strong>1876,</strong></span> <span class='ocrx_word' id='word_1_180' title='bbox 1447 3572 1502 3628; x_wconf 88' lang='lat' dir='ltr'><strong>p.</strong></span> <span class='ocrx_word' id='word_1_181' title='bbox 1530 3558 1600 3611; x_wconf 89' lang='grc'><strong>60</strong></span> <span class='ocrx_word' id='word_1_182' title='bbox 1621 3572 1765 3625; x_wconf 85' lang='lat' dir='ltr'><strong>sqq.;</strong></span> 
     </span>
    </p>

    <p class='ocr_par' dir='ltr' id='par_1_11' title="bbox 195 3640 2553 3801">
     <span class='ocr_line' id='line_1_23' title="bbox 346 3640 2553 3712; baseline 0.001 -16"><span class='ocrx_word' id='word_1_183' title='bbox 346 3640 396 3712; x_wconf 80' lang='lat'><strong>5)</strong></span> <span class='ocrx_word' id='word_1_184' title='bbox 431 3641 583 3696; x_wconf 90' lang='lat' dir='ltr'><strong>Albii</strong></span> <span class='ocrx_word' id='word_1_185' title='bbox 646 3641 854 3696; x_wconf 91' lang='lat' dir='ltr'><strong>Tibulli</strong></span> <span class='ocrx_word' id='word_1_186' title='bbox 919 3642 1216 3712; x_wconf 84' lang='lat' dir='ltr'><strong>elegiarum</strong></span> <span class='ocrx_word' id='word_1_187' title='bbox 1279 3641 1408 3697; x_wconf 87' lang='lat' dir='ltr'><strong>libri</strong></span> <span class='ocrx_word' id='word_1_188' title='bbox 1479 3643 1613 3708; x_wconf 85' lang='lat' dir='ltr'><strong>du03</strong></span> <span class='ocrx_word' id='word_1_189' title='bbox 1683 3644 1954 3697; x_wconf 88' lang='lat' dir='ltr'><strong>accedunt</strong></span> <span class='ocrx_word' id='word_1_190' title='bbox 2026 3644 2553 3700; x_wconf 85' lang='lat' dir='ltr'><strong>Pseudotibulliana.</strong></span> 
     </span>
     <span class='ocr_line' id='line_1_24' title="bbox 195 3730 620 3801; baseline -0.002 -16"><span class='ocrx_word' id='word_1_191' title='bbox 195 3730 424 3801; x_wconf 85' lang='lat' dir='ltr'><strong>Lipsiae</strong></span> <span class='ocrx_word' id='word_1_192' title='bbox 467 3731 620 3785; x_wconf 84' lang='lat'><strong>1878.</strong></span> 
     </span>
    </p>

    <p class='ocr_par' dir='ltr' id='par_1_12' title="bbox 195 3817 2549 3975">
     <span class='ocr_line' id='line_1_25' title="bbox 345 3817 2549 3893; baseline 0.002 -21"><span class='ocrx_word' id='word_1_193' title='bbox 345 3817 395 3889; x_wconf 87' lang='grc'><strong>6)</strong></span> <span class='ocrx_word' id='word_1_194' title='bbox 430 3818 581 3872; x_wconf 88' lang='lat' dir='ltr'><strong>Albii</strong></span> <span class='ocrx_word' id='word_1_195' title='bbox 617 3819 822 3873; x_wconf 91' lang='lat' dir='ltr'><strong>Tibulli</strong></span> <span class='ocrx_word' id='word_1_196' title='bbox 861 3820 1101 3874; x_wconf 87' lang='lat' dir='ltr'><strong>carmina</strong></span> <span class='ocrx_word' id='word_1_197' title='bbox 1138 3836 1201 3875; x_wconf 85' lang='lat' dir='ltr'><strong>ex</strong></span> <span class='ocrx_word' id='word_1_198' title='bbox 1237 3820 1553 3876; x_wconf 87' lang='lat' dir='ltr'><strong>recensione</strong></span> <span class='ocrx_word' id='word_1_199' title='bbox 1580 3820 1703 3875; x_wconf 85' lang='lat' dir='ltr'><strong>Car.</strong></span> <span class='ocrx_word' id='word_1_200' title='bbox 1732 3821 2069 3876; x_wconf 87' lang='lat' dir='ltr'><strong>Lachmanni</strong></span> <span class='ocrx_word' id='word_1_201' title='bbox 2093 3823 2295 3893; x_wconf 87' lang='lat' dir='ltr'><strong>passim</strong></span> <span class='ocrx_word' id='word_1_202' title='bbox 2322 3825 2549 3890; x_wconf 82' lang='lat' dir='ltr'><strong>mutata,</strong></span> 
     </span>
     <span class='ocr_line' id='line_1_26' title="bbox 195 3907 881 3975; baseline 0 -12"><span class='ocrx_word' id='word_1_203' title='bbox 195 3912 228 3963; x_wconf 82' lang='lat'><strong>2</strong></span> <span class='ocrx_word' id='word_1_204' title='bbox 253 3910 325 3961; x_wconf 84' lang='lat' dir='ltr'><strong>tt.</strong></span> <span class='ocrx_word' id='word_1_205' title='bbox 403 3907 684 3975; x_wconf 87' lang='lat' dir='ltr'><strong>Goetting.</strong></span> <span class='ocrx_word' id='word_1_206' title='bbox 729 3910 881 3963; x_wconf 88' lang='lat'><strong>1835.</strong></span> 
     </span>
    </p>

    <p class='ocr_par' dir='ltr' id='par_1_13' title="bbox 344 3994 2192 4070">
     <span class='ocr_line' id='line_1_27' title="bbox 344 3994 2192 4070; baseline 0.004 -23"><span class='ocrx_word' id='word_1_207' title='bbox 344 3994 394 4064; x_wconf 77' lang='lat'><strong>⁷)</strong></span> <span class='ocrx_word' id='word_1_208' title='bbox 431 3994 612 4049; x_wconf 87' lang='lat' dir='ltr'><strong>Ueber</strong></span> <span class='ocrx_word' id='word_1_209' title='bbox 647 3996 878 4052; x_wconf 87' lang='lat' dir='ltr'><strong>Dissens</strong></span> <span class='ocrx_word' id='word_1_210' title='bbox 915 3997 1117 4053; x_wconf 91' lang='lat' dir='ltr'><strong>Tibull.</strong></span> <span class='ocrx_word' id='word_1_211' title='bbox 1192 3999 1279 4056; x_wconf 83' lang='lat' dir='ltr'><strong>Kl.</strong></span> <span class='ocrx_word' id='word_1_212' title='bbox 1321 4000 1473 4054; x_wconf 78' lang='lat' dir='ltr'><strong>Schs.</strong></span> <span class='ocrx_word' id='word_1_213' title='bbox 1498 4000 1563 4054; x_wconf 95' lang='lat' dir='ltr'><strong>II</strong></span> <span class='ocrx_word' id='word_1_214' title='bbox 1587 4000 1773 4070; x_wconf 84' lang='lat'>(1876)</span> <span class='ocrx_word' id='word_1_215' title='bbox 1811 4018 1864 4070; x_wconf 91' lang='lat' dir='ltr'><strong>p.</strong></span> <span class='ocrx_word' id='word_1_216' title='bbox 1900 4002 2192 4057; x_wconf 84' lang='lat'><strong>145—160.</strong></span> 
     </span>
    </p>

    <p class='ocr_par' dir='ltr' id='par_1_14' title="bbox 342 4082 2547 4157">
     <span class='ocr_line' id='line_1_28' title="bbox 342 4082 2547 4157; baseline 0.003 -21"><span class='ocrx_word' id='word_1_217' title='bbox 342 4082 392 4152; x_wconf 82' lang='grc'><strong>8)</strong></span> <span class='ocrx_word' id='word_1_218' title='bbox 429 4082 612 4138; x_wconf 89' lang='lat' dir='ltr'><strong>Ueber</strong></span> <span class='ocrx_word' id='word_1_219' title='bbox 648 4085 766 4139; x_wconf 84' lang='lat' dir='ltr'><strong>drei</strong></span> <span class='ocrx_word' id='word_1_220' title='bbox 803 4086 1034 4155; x_wconf 86' lang='lat' dir='ltr'><strong>Elegien</strong></span> <span class='ocrx_word' id='word_1_221' title='bbox 1074 4083 1188 4141; x_wconf 63' lang='lat' dir='ltr'><strong>des*</strong></span> <span class='ocrx_word' id='word_1_222' title='bbox 1205 4087 1472 4143; x_wconf 88' lang='lat' dir='ltr'><strong>Tibullus.</strong></span> <span class='ocrx_word' id='word_1_223' title='bbox 1548 4090 1882 4144; x_wconf 88' lang='lat' dir='ltr'><strong>Monatsber.</strong></span> <span class='ocrx_word' id='word_1_224' title='bbox 1922 4090 1971 4145; x_wconf 93' lang='lat' dir='ltr'><strong>d.</strong></span> <span class='ocrx_word' id='word_1_225' title='bbox 2009 4089 2154 4144; x_wconf 86' lang='lat' dir='ltr'><strong>Berl.</strong></span> <span class='ocrx_word' id='word_1_226' title='bbox 2185 4088 2356 4143; x_wconf 87' lang='lat' dir='ltr'><strong>Akad.</strong></span> <span class='ocrx_word' id='word_1_227' title='bbox 2391 4089 2547 4157; x_wconf 86' lang='lat'>1878,</span> 
     </span>
    </p>
   </div>
   <div class='ocr_carea' id='block_1_8' title="bbox 71 4177 578 4249">
    <p class='ocr_par' dir='ltr' id='par_1_15' title="bbox 71 4177 578 4249">
     <span class='ocr_line' id='line_1_29' title="bbox 71 4177 578 4249; baseline -0.006 -18"><span class='ocrx_word' id='word_1_228' title='bbox 71 4214 76 4223; x_wconf 94' lang='lat'><strong>.</strong></span> <span class='ocrx_word' id='word_1_229' title='bbox 189 4197 246 4249; x_wconf 83' lang='lat' dir='ltr'><strong>p.</strong></span> <span class='ocrx_word' id='word_1_230' title='bbox 273 4177 578 4232; x_wconf 83' lang='lat'><strong>343—356.</strong></span> 
     </span>
    </p>
   </div>
   <div class='ocr_carea' id='block_1_9' title="bbox 339 4261 1671 4336">
    <p class='ocr_par' dir='ltr' id='par_1_16' title="bbox 339 4261 1671 4336">
     <span class='ocr_line' id='line_1_30' title="bbox 339 4261 1671 4336; baseline 0.005 -20"><span class='ocrx_word' id='word_1_231' title='bbox 339 4264 390 4335; x_wconf 79' lang='grc'><strong>9)</strong></span> <span class='ocrx_word' id='word_1_232' title='bbox 424 4261 696 4332; x_wconf 86' lang='lat' dir='ltr'><strong>Philolog.</strong></span> <span class='ocrx_word' id='word_1_233' title='bbox 735 4263 1060 4323; x_wconf 85' lang='lat' dir='ltr'><strong>Untersuch.</strong></span> <span class='ocrx_word' id='word_1_234' title='bbox 1098 4266 1159 4319; x_wconf 91' lang='lat' dir='ltr'>H</span> <span class='ocrx_word' id='word_1_235' title='bbox 1183 4266 1367 4335; x_wconf 89' lang='grc'><strong>(1881)</strong></span> <span class='ocrx_word' id='word_1_236' title='bbox 1400 4284 1452 4336; x_wconf 93' lang='lat' dir='ltr'><strong>p.</strong></span> <span class='ocrx_word' id='word_1_237' title='bbox 1485 4268 1671 4323; x_wconf 80' lang='lat'>1-47,</span> 
     </span>
    </p>
   </div>
  </div>
 </body>
</html>
