3075 5100
536 344 622 406 22

536 516 894 599 principem
927 514 1140 582 'fuisse
1189 515 1635 597 priusquam
1683 514 1973 579 Tibullus
2020 514 2255 578 librum
2306 515 2581 595 primum
2633 517 2873 582 ederet.

537 625 677 690 Hoc
723 624 780 689 si
826 628 1122 688 tenemus
1168 620 1382 688 facere
1429 639 1558 685 non
1606 638 1949 702 possumus
1998 620 2150 702 quin
2199 620 2706 704 interpretemur
2754 625 2875 690 ita:

540 731 830 796 Tibullus
879 730 1055 812 (inde
1113 748 1154 792 a
1204 747 1262 793 v.
1299 728 1464 810 447)
1527 745 1653 792 res.
1707 745 1871 808 quae
1943 725 2279 792 offensioni
2350 734 2569 794 essent
2636 731 2881 796 similes

539 843 732 919 atque
805 855 925 918 ego
999 834 1311 917 depinxit,
1385 851 1551 915 quae
1614 838 1831 898 tamen
1903 832 1999 897 illi
2066 852 2195 897 non
2255 841 2619 900 nocuerunt
2685 837 2882 902 immo

542 945 624 1027 (v.
672 942 829 1026 463)
889 947 956 1008 et
1009 962 1178 1008 nunc
1238 941 1480 1022 legitur
1536 938 1879 1020 placetque
1926 976 2001 984 —
2048 958 2135 1006 sc.
2172 958 2313 1005 cum
2374 959 2493 1022 ego
2550 943 2883 1026 relegatus

541 1051 658 1115 sim
698 1087 774 1096 --
811 1054 878 1114 te
924 1049 1244 1130 probante
1284 1047 1595 1128 principe,
1646 1049 1713 1110 et
1756 1046 1886 1110 iam
1934 1050 2146 1126 antea,
2181 1064 2411 1128 nempe
2459 1067 2601 1114 cum
2646 1051 2885 1116 librum

539 1157 816 1239 primum
863 1159 1358 1237 praeceptorum
1405 1154 1677 1218 istorum
1741 1151 2185 1231 plenissimum
2242 1153 2572 1237 edidisset,
2634 1161 2703 1222 et
2758 1157 2885 1222 iam

542 1269 676 1328 tum
710 1268 781 1328 tu
815 1280 958 1326 eras
990 1263 1310 1343 princepS,
1346 1261 1558 1326 clarus
1589 1258 1966 1324 habebatur.
2044 1258 2181 1336 Qua
2214 1260 2277 1322 in
2312 1263 2636 1328 sententia
2668 1264 2888 1328 subin-

543 1370 925 1452 telligimus:
974 1368 1046 1432 In
1094 1386 1197 1433 me
1245 1386 1388 1433 cum
1435 1367 1737 1448 princeps
1787 1382 1963 1430 esses
2006 1369 2073 1430 et
2104 1365 2193 1430 sis
2228 1385 2430 1448 eoque
2460 1368 2602 1449 ipso
2636 1388 2887 1434 morum

545 1481 728 1542 tutor
776 1474 882 1558 (cf.
915 1492 973 1540 v.
1011 1471 1241 1560 233l4)
1291 1472 1672 1556 gravissime
1730 1471 2023 1536 invectus
2082 1490 2151 1536 es
2212 1477 2280 1537 et
2337 1472 2679 1555 inveheriS,
2733 1493 2888 1558 ergo

550 1583 606 1649 si
653 1582 969 1650 voluisses
1016 1580 1199 1645 illum
1246 1597 1502 1662 quoque
1534 1578 1665 1642 iam
1696 1584 1832 1643 tum
1867 1579 2091 1643 eadem
2126 1584 2321 1661 atque
2369 1585 2597 1661 postea
2630 1580 2891 1664 (nempe

549 1709 692 1755 cum
735 1706 838 1755 me
883 1686 1238 1770 relegates)
1273 1691 1340 1752 et
1386 1685 1595 1752 adhuc
1640 1689 1969 1766 potestate
2014 1683 2271 1752 functus
2302 1687 2579 1752 multare
2614 1688 2891 1768 potuisti

549 1795 785 1860 similia
833 1794 1365 1859 committentem:
1426 1792 1541 1857 sed
1588 1809 1713 1856 non
1762 1790 1995 1871 fecisti,
2044 1793 2237 1858 immo
2286 1794 2384 1858 illi
2432 1795 2719 1858 carmina
2764 1813 2891 1859 non

549 1904 642 1968 ita
687 1907 763 1966 ut
807 1900 966 1966 mihi
1012 1899 1225 1965 fraudi
1272 1896 1553 1964 fuerunt.
1636 1897 1965 1963 Particula
1996 1901 2127 1963 iam
2172 1900 2374 1983 igitur
2422 1901 2502 1964 ad
2546 1905 2895 1982 utrumque

552 2009 841 2091 pertinet
883 2019 938 2072 te
973 2008 1268 2093 principe
1319 2011 1384 2070 et
1431 2017 1610 2069 notus
1670 2016 1818 2070 erat.
1923 2006 2020 2070 Ad
2080 2008 2471 2073 Sententiam
2526 2019 2707 2072 ‘notus
2766 2019 2899 2071 erat

552 2114 872 2196 particula
930 2118 1186 2194 spectat
1243 2118 1318 2177 ut
1381 2112 1705 2193 oppositio
1764 2130 1930 2193 quae
1990 2118 2091 2178 est
2145 2114 2211 2178 in
2270 2114 2702 2194 temporibus:
2764 2132 2896 2178 non

553 2221 758 2288 solum
806 2239 1001 2285 nunc
1048 2219 1290 2300 legitur
1336 2219 1717 2313 placetque,
1765 2218 1877 2282 sed
1928 2219 2121 2284 etiam
2184 2224 2423 2285 antea
2477 2226 2671 2286 notus
2730 2225 2894 2300 erat,

555 2348 628 2394 eo
678 2327 910 2392 fortius
957 2326 1342 2405 illustretur,
1394 2326 1477 2390 ad
1523 2338 1579 2390 te
1614 2327 1906 2410 principe
1964 2330 2177 2391 autem
2238 2332 2313 2391 ut
2372 2327 2668 2408 gradatio
2730 2345 2899 2409 quae

556 2441 656 2501 est
701 2436 766 2499 in
813 2433 1036 2498 rebus:
1098 2432 1387 2497 Tibullus
1436 2451 1821 2514 quamquam
1878 2433 2115 2498 similia
2173 2438 2367 2515 atque
2432 2451 2552 2516 ego
2608 2433 2904 2514 depinxit

557 2548 774 2607 tamen
820 2541 1096 2623 primum
1145 2539 1385 2620 legitur
1432 2545 1567 2605 tum
1615 2527 1831 2621 placet
1878 2542 1971 2622 (te
2004 2541 2347 2622 probante)
2390 2540 2655 2607 tertium
2703 2540 2899 2605 immo

561 2668 702 2715 cum
749 2649 983 2714 librum
1033 2648 1258 2712 ederet
1307 2665 1380 2711 eo
1428 2651 1741 2727 tempore,
1792 2665 1919 2728 quo
1975 2651 2050 2711 tu
2104 2648 2409 2730 princeps
2455 2648 2644 2712 modo
2692 2645 2903 2714 factus

561 2774 726 2833 eraS,
775 2755 1108 2835 tripartita
1157 2754 1536 2836 gravissimo
1587 2753 1837 2820 cumulo
1888 2760 2224 2837 augeatur.
2306 2755 2445 2821 Hoc
2477 2755 2665 2820 modo
2700 2756 2903 2820 inter-

561 2866 892 2943 pretemur
939 2878 1202 2925 necesse
1251 2866 1381 2940 est;
1433 2860 1671 2925 etenim
1722 2861 1795 2940 si,
1845 2860 2017 2942 quod
2063 2862 2271 2941 primo
2322 2862 2553 2927 obtutu
2610 2862 2903 2927 arridere

561 2970 842 3047 videtur,
893 2966 1277 3048 particulam
1319 2968 1450 3031 iam
1483 2968 1563 3031 ad
1611 2985 1803 3032 unam
1852 2968 2238 3033 sententiam
2287 2980 2465 3033 notus
2514 2980 2645 3033 erat
2676 2966 2903 3033 referi-

564 3094 728 3155 muS,
777 3072 1185 3139 manifestum
1237 3079 1336 3139 est
1381 3074 1449 3138 in
1497 3074 1772 3138 eundem
1818 3091 1936 3139 nos
1985 3092 2060 3137 ac
2106 3074 2571 3140 Baehrensium
2618 3074 2905 3157 incidere

567 3174 850 3247 errorem
901 3181 1178 3261 etiamsi,
1230 3199 1370 3245 cum
1414 3199 1759 3261 perperam
1791 3179 1902 3245 ille
1933 3198 1990 3245 a.
2030 3178 2297 3265 726l28,
2349 3185 2523 3247 recte
2556 3200 2611 3246 a.
2653 3178 2899 3265 727l27

565 3289 962 3371 respicimus.
1073 3287 1410 3353 Sententia
1457 3292 1673 3353 autem
1720 3288 1785 3351 in
1836 3305 1911 3351 eo
1970 3288 2185 3367 posita
2246 3294 2349 3353 est
2410 3288 2579 3370 quod
2627 3287 2907 3367 Augusti

564 3396 966 3478 principatus
1013 3394 1266 3459 initium
1323 3395 1504 3476 prius
1562 3394 1686 3458 fuit
1732 3392 1967 3488 Tibulli
2025 3393 2177 3459 libri
2234 3394 2423 3475 primi
2474 3394 2779 3475 editione,
2840 3398 2909 3457 et

567 3510 929 3583 utrumque,
980 3502 1362 3582 praesertim
1397 3521 1538 3566 cum
1587 3518 1937 3581 paucorum
1968 3498 2281 3564 mensium
2313 3497 2654 3563 intervallo
2688 3514 2908 3578 segre-

570 3614 852 3693 garetur,
879 3609 1210 3689 aptissime
1232 3614 1424 3690 poeta
1446 3614 1512 3673 et
1537 3613 1825 3687 tempore
1852 3611 1918 3671 et
1938 3624 2007 3671 re
2026 3606 2120 3669 ita
2138 3604 2468 3678 coniunxit
2486 3608 2561 3668 ut
2582 3604 2903 3685 opposuit.

747 3716 866 3779 His
915 3716 1224 3796 expositis
1273 3733 1351 3781 ea
1398 3733 1564 3797 quae
1610 3712 1969 3778 Hankelius
2018 3712 2288 3777 similem
2346 3730 2421 3776 ac
2467 3710 2908 3775 Baehrensius

573 3823 890 3887 rationem
954 3829 1212 3888 secutus
1276 3842 1356 3887 ex
1421 3822 1525 3885 his
1596 3820 1888 3887 versibus
1961 3820 2300 3903 collegisse
2369 3818 2493 3884 sibi
2562 3816 2910 3881 videbatur

571 3929 824 3995 facilius
873 3929 1306 4012 intelligemus
1355 3929 1654 3994 similiter
1700 3928 2027 3994 reicienda
2076 3944 2237 3993 esse.
2316 3925 2438 4003 Qui
2484 3925 2583 3990 vir
2615 3924 2913 3989 doctissi-

575 4057 715 4105 mus
779 4035 1062 4120 censet¹)
1121 4037 1417 4103 Ovidium
1479 4038 1559 4102 de
1614 4035 2003 4118 panegyrico
2064 4034 2407 4101 Messallae
2469 4036 2535 4097 et
2596 4030 2807 4111 elegia
2854 4030 2915 4094 X

716 4266 760 4335 ¹)
796 4266 935 4319 Acta
971 4265 1160 4320 societ.
1187 4264 1320 4334 phil.
1347 4263 1495 4333 Lips.
1524 4264 1575 4318 V
1611 4263 1798 4331 (1815)
1834 4279 1887 4331 p.
1914 4263 2001 4317 86.
