3075 5100
2458 349 2537 413 31

374 526 682 604 Queritur
717 525 980 590 Ovidius
1023 545 1078 590 a.
1121 523 1366 611 735119
1401 528 1573 608 quod
1620 546 1704 591 ne
1750 528 2005 592 vatibus
2055 524 2330 609 quidem,
2380 543 2543 609 quos

182 639 462 714 praeter
497 638 748 699 ceteros
779 634 1072 698 homines
1106 634 1209 698 dei
1240 634 1637 700 immortales
1671 640 1981 717 amarent,
2006 632 2141 699 fata
2173 639 2543 716 parcerent:

183 759 314 805 nec
364 741 530 806 Lino
589 759 706 806 nec
755 741 1012 822 Orpheo
1061 747 1366 822 parentes
1414 741 1810 806 immortales
1856 741 2207 823 profuisse,
2263 741 2543 804 Homero

183 867 454 928 quoque
501 848 635 914 vita
666 849 1102 913 decedendum
1135 833 1360 913 fuissess
1435 849 1563 914 Sed
1596 849 1994 914 consolatur:
2044 849 2303 913 etiamsi
2332 847 2545 929 poetis

183 954 358 1034 ipsis
405 955 806 1021 moriendum
855 961 1055 1035 esset,
1107 957 1390 1020 carmina
1435 961 1654 1022 tamen
1704 975 1924 1021 eorum
1973 978 2196 1041 „royos
2244 956 2543 1039 effayere“

185 1062 228 1126 i.
269 1080 332 1126 e.
370 1063 763 1142 sempiterna
803 1063 974 1127 tradi
1017 1064 1327 1142 posteris;
1375 1069 1442 1128 et
1485 1064 1651 1128 sicut
1699 1065 2012 1143 „Troiani
2036 1064 2228 1148 fama
2272 1063 2545 1126 laboris“

187 1173 262 1232 et
331 1169 494 1242 „tela
549 1181 846 1232 nocturno
904 1169 1043 1232 dolo
1105 1177 1378 1234 retem-taff
1435 1171 1721 1234 carmina
1774 1170 2194 1235 celeberrima
2245 1175 2393 1250 post
2447 1173 2547 1234 tot

187 1274 460 1340 saecula
515 1279 813 1340 extarent
859 1273 1231 1356 Homerica,
1301 1277 1532 1340 Tibulli
1578 1295 1831 1358 quoque
1882 1295 2023 1341 cum
2070 1277 2207 1357 ipse
2254 1281 2545 1342 mortuus

189 1388 377 1447 esset
425 1377 682 1448 Deliam
729 1395 784 1448 et
830 1383 1150 1448 Nem-esim
1197 1385 1446 1470 lonyum
1509 1407 1731 1450 nomen
1785 1385 2106 1449 habituras
2168 1407 2309 1449 esse.
2410 1383 2549 1448 Iam

187 1495 391 1570 patet
440 1491 727 1556 rationes
783 1491 1092 1572 quasdam
1149 1492 1552 1557 intercedere
1611 1493 1782 1558 inter
1834 1497 2179 1573 utrumque
2226 1490 2547 1556 distichon

189 1599 323 1679 (vv.
377 1599 482 1662 29.
535 1599 620 1663 30
668 1603 733 1661 et
791 1599 895 1662 31.
955 1598 1096 1680 32),
1171 1618 1313 1664 cum
1373 1599 1524 1663 bina
1578 1599 1917 1681 utriusque
1971 1604 2205 1680 poetae
2265 1598 2549 1662 carmina

187 1705 635 1786 nominentur,
685 1705 951 1771 Homeri
1010 1706 1262 1779 ‚‚Ilia3“
1311 1709 1377 1771 et
1425 1705 1807 1791 ‚‚Ody33ea“,
1868 1706 2105 1771 Tibulli
2154 1705 2435 1780 ‚‚Delia“
2484 1709 2550 1770 et

193 1811 596 1885 „Nemesis“.
674 1813 853 1876 Haec
902 1817 1119 1878 autem
1165 1812 1410 1879 referre
1459 1832 1587 1878 non
1636 1833 1975 1894 possumus
2024 1813 2151 1878 nisi
2198 1813 2282 1878 ad
2314 1811 2549 1877 Tibulli

190 1920 404 1984 libros
460 1921 736 2001 primum
795 1926 860 1985 et
916 1921 1292 2002 secundum,
1353 1940 1494 1987 cum
1552 1923 1743 2002 primi
1800 1941 2046 1986 summa
2091 1921 2305 2001 posita
2352 1920 2439 1984 sit
2484 1919 2549 1984 in

196 2027 595 2092 carminibus
629 2028 854 2093 Deliae
885 2027 980 2092 III
1012 2029 1041 2092 I
1073 2029 1126 2092 V
1160 2028 1225 2092 Π
1255 2029 1365 2109 VI,
1418 2029 1681 2094 secundi
1714 2034 1931 2094 autem
1964 2027 2211 2109 elegiae
2244 2031 2550 2108 quattuor

193 2133 492 2215 (praeter
539 2135 984 2201 brevissimam
1030 2134 1113 2216 II,
1175 2141 1241 2200 et
1289 2136 1321 2199 1
1369 2137 1446 2200 de
1495 2155 1623 2219 qua
1670 2137 1880 2201 adhuc
1939 2134 2315 2217 ambigitur,
2376 2132 2449 2197 cf.
2497 2151 2546 2197 s.

195 2260 268 2320 p.
307 2241 409 2321 26,
459 2261 518 2305 n.
565 2242 625 2324 1)
692 2241 928 2306 Tibulli
999 2248 1066 2307 et
1130 2242 1479 2309 Nemeseos
1563 2261 1814 2309 amores
1887 2243 2259 2324 depingant.
2376 2238 2551 2304 Satis

195 2347 432 2412 mirari
479 2366 606 2412 non
653 2367 934 2429 possum,
985 2349 1156 2431 quod
1202 2349 1370 2414 hunc
1415 2350 1627 2415 Iocum
1675 2352 2065 2431 interpretes
2113 2349 2245 2413 sive
2292 2347 2550 2414 silentio

196 2455 688 2535 praeterierunt
735 2457 872 2522 sive
919 2475 1045 2520 non
1103 2458 1198 2521 ita
1241 2461 1316 2522 ut
1361 2477 1481 2539 par
1528 2462 1672 2522 erat
1719 2457 1799 2520 ad
1846 2457 2159 2522 librorum
2207 2455 2553 2520 editionem

198 2561 604 2643 referebant3
655 2565 765 2646 qui
804 2565 962 2629 mihi
1003 2566 1256 2629 videtur
1291 2566 1707 2647 gravissimus
1742 2583 1883 2630 esse
1918 2570 1984 2630 et
2013 2584 2131 2645 per
2160 2583 2249 2643 se,
2302 2561 2555 2627 etiamsi

201 2669 338 2734 alia
407 2671 782 2735 testimonia
845 2672 1174 2753 deessent,
1246 2673 1520 2737 maxime
1578 2673 1847 2738 idoneus
1900 2690 1977 2737 ex
2024 2690 2149 2753 quo
2200 2656 2555 2735 certissime

202 2775 570 2857 colligatur,
609 2794 749 2840 cum
783 2777 1044 2843 Ovidius
1086 2779 1280 2859 paulo
1315 2784 1464 2859 post
1495 2778 1732 2844 Tibulli
1764 2784 2037 2844 mortem
2067 2778 2189 2841 hoc
2222 2776 2556 2857 epicedion

200 2883 541 2962 scriberet,
600 2885 878 2965 primum
923 2885 1160 2950 librum
1217 2886 1563 2960 ‚‚Deliam“
1622 2892 1687 2950 et
1742 2886 2091 2951 secundum
2150 2882 2554 2958 „Nemesim“

199 2988 532 3072 perfectos
585 2997 651 3055 et
701 2992 904 3058 editos
953 2992 1173 3074 fuisse,
1225 2994 1472 3058 scilicet
1519 2994 1601 3058 ab
1648 2992 1789 3075 ipso
1840 2992 2112 3059 Tibullo.
2206 2990 2331 3055 Hic
2376 2989 2555 3054 locus

199 3099 411 3179 igitur
467 3116 609 3163 cum
655 3100 847 3179 primi
893 3100 1043 3165 libri
1093 3120 1131 3165 a
1179 3101 1432 3166 Tibullo
1481 3100 1671 3175 editi,
1730 3101 1809 3165 de
1871 3120 1995 3183 quo
2042 3117 2229 3165 nemo
2278 3096 2553 3175 dubitat,

201 3222 411 3271 novus
444 3206 720 3270 adicitur
767 3208 956 3272 testis
1005 3208 1096 3271 eis
1129 3226 1290 3289 quos
1324 3226 1521 3289 supra
1554 3207 1907 3288 attulimus,
1943 3213 2079 3273 tum
2112 3208 2176 3270 in
2208 3204 2557 3270 secundum

95 3382 100 3385 ,
203 3314 379 3378 idem
445 3314 674 3379 cadere
731 3313 1085 3379 clarissime
1141 3315 1376 3396 probat
1431 3320 1506 3380 ut
1564 3316 1857 3399 equidem
1913 3316 2192 3381 nesciam
2240 3310 2555 3393 quomodo

203 3420 403 3483 aliter
447 3420 870 3501 interpretari
915 3420 1136 3500 liceat3
1206 3424 1272 3485 et
1319 3422 1376 3486 ei
1424 3422 1533 3503 qui
1584 3440 1659 3487 ex
1699 3422 1769 3485 -h.
1803 3422 1843 3486 l.
1898 3421 2243 3495 ‚,Deliam“
2293 3438 2331 3483 a
2362 3422 2557 3499 poeta

205 3526 455 3591 editam
491 3544 632 3591 esse
658 3531 938 3608 sumunt,
974 3528 1029 3593 si
1055 3528 1283 3591 miram
1311 3528 1625 3595 orationis
1650 3527 2179 3610 aequabilitatem
2204 3525 2560 3606 respiciunt

204 3650 474 3699 necesse
517 3637 618 3699 est
649 3634 819 3699 idem
851 3635 932 3699 de
967 3634 1306 3709 ‚‚Nemesi“
1341 3637 1644 3701 sentiant.
1716 3635 1848 3702 ‘Sed
1878 3637 2270 3716 interpretes
2302 3630 2560 3697 nomina

207 3744 466 3805 tantum
498 3739 724 3805 Deliae
773 3745 839 3806 et
868 3740 1218 3807 Nemeseos
1268 3742 1691 3823 respicientes
1738 3749 1804 3807 et
1850 3743 1915 3806 in
1950 3742 2071 3807 hoc
2100 3760 2227 3806 uno
2262 3738 2557 3817 distich0,

207 3848 383 3929 quod
431 3864 510 3911 ex
559 3853 862 3913 contextu
909 3867 1132 3914 eorum
1167 3868 1330 3931 quae
1381 3850 1691 3931 exscripsi
1736 3853 2125 3927 exemerunt,
2177 3848 2321 3927 plus
2356 3864 2559 3929 aequo

207 3955 558 4020 haerentes
607 3974 918 4020 summam
950 3956 1046 4021 rei
1077 3976 1160 4021 ne
1193 3958 1693 4039 suspicabantur
1725 3956 2001 4038 quidem,
2052 3973 2195 4019 cum
2228 3955 2321 4017 ita
2351 3953 2561 4017 locum

205 4062 655 4145 intelligerent
673 4062 721 4142 ¹)
792 4064 978 4145 quasi
1048 4064 1314 4130 Ovidius
1395 4084 1587 4145 quam
1668 4066 1939 4146 primam
2019 4061 2300 4143 puellam
2370 4077 2562 4140 quam

355 4292 401 4361 ¹)
437 4292 590 4347 velut
625 4292 924 4349 Teuffelins
963 4295 999 4349 l.
1037 4294 1075 4351 1.
1111 4312 1164 4365 p.
1193 4298 1313 4351 469.
