3075 5100
528 333 614 394 40

528 509 704 587 Quae
753 508 960 574 oratio
1007 508 1313 572 concinna
1363 507 1463 571 cui
1511 525 1637 571 non
1687 508 1973 573 arridet?
2052 508 2262 589 Atque
2310 509 2479 589 quod
2522 509 2688 576 haec
2720 510 2885 576 ficta

526 616 830 697 leguntur
887 633 1026 679 cum
1085 635 1162 680 ex
1225 615 1418 679 rebus
1475 619 1620 678 orta
1676 632 1817 678 esse
1883 615 2027 695 ipsa
2090 615 2431 679 videantur
2486 636 2604 698 per
2664 636 2737 682 se
2796 637 2881 682 ne

443 770 447 774 -
527 723 714 787 decet
761 721 1017 802 quidem
1051 721 1346 786 Ovidium
1393 721 1782 803 vituperare.
1856 721 1975 798 Qui
2007 739 2132 784 non
2168 719 2512 786 historicus
2548 728 2650 787 est
2692 725 2879 788 cuius

528 833 629 893 est
662 827 966 894 iudicium
1004 833 1071 893 et
1104 847 1208 893 res
1241 828 1545 909 religiose
1581 845 1935 907 secernere,
1987 828 2101 893 sed
2146 833 2343 908 poeta
2376 829 2476 893 cui
2523 848 2650 894 non
2684 833 2879 896 modo

524 935 679 1000 licet
724 935 838 1000 sed
885 954 1074 1016 quem
1134 935 1312 999 iuvat
1366 951 1471 998 res
1525 952 1693 1014 quae
1750 940 2127 1015 argumento
2196 940 2350 999 sunt
2417 952 2526 1001 eas
2598 937 2735 1001 sive
2810 945 2881 1003 et

528 1043 703 1123 ipsas
762 1059 1073 1107 exornare
1135 1046 1328 1122 atque
1383 1041 1638 1105 variare
1702 1041 1834 1104 sive
1894 1040 2073 1105 novis
2136 1059 2295 1122 quas
2351 1040 2540 1124 fingit
2600 1044 2878 1109 adiectis

527 1149 927 1229 distinguere
977 1153 1172 1229 atque
1219 1166 1476 1229 augere.
1561 1148 1743 1225 Quod
1782 1148 1836 1212 si
1884 1164 2138 1228 semper
2185 1153 2416 1230 poetae
2466 1150 2881 1216 concedenda

529 1259 628 1319 est
658 1255 820 1319 haec
851 1255 1132 1334 licentia,
1161 1254 1494 1335 epicedion
1526 1255 1593 1317 in
1628 1272 1751 1334 quo
1777 1253 1990 1317 valeat
2022 1255 2292 1319 maxime
2325 1255 2627 1321 idoneum
2660 1264 2764 1323 est
2788 1295 2877 1305 —-

526 1361 703 1426 velut
747 1361 868 1424 hoc
917 1360 1298 1426 Ovidianum
1347 1360 1428 1424 ob
1474 1360 1850 1423 memoriam
1899 1360 2134 1425 Tibulli
2183 1362 2625 1443 compositum,
2674 1383 2882 1445 pane-

529 1468 781 1551 gyricus
830 1468 942 1533 illo
973 1467 1407 1550 dignissimuS,
1457 1466 1689 1547 plenus
1722 1485 1863 1529 cum
1896 1466 2131 1532 doloris
2164 1467 2398 1532 sinceri
2430 1473 2568 1532 tum
2602 1478 2881 1551 apertae

528 1574 991 1654 admirationis,
1063 1574 1292 1637 ultima
1362 1577 1690 1654 tamquam
1760 1591 1879 1636 vox
1948 1593 2075 1654 qua
2122 1573 2387 1639 Ovidius
2457 1576 2701 1658 quippe
2774 1580 2881 1642 cui

530 1682 766 1747 Tibulli
813 1682 963 1747 dum
1010 1682 1182 1745 inter
1228 1681 1405 1745 vivos
1455 1685 1597 1744 erat
1628 1679 1977 1744 amicitiam
2015 1678 2151 1744 fata
2180 1699 2307 1745 non
2340 1682 2673 1748 dedissent
2702 1702 2879 1748 mor-

527 1793 708 1852 tuum
754 1792 1014 1869 poetam
1061 1787 1370 1868 sequitur.

704 1894 842 1959 Hoc
889 1900 1150 1975 praeter
1195 1893 1408 1958 omnia
1454 1893 1801 1957 tenendum
1848 1897 1948 1958 est
1996 1899 2061 1957 et
2108 1893 2227 1958 hac
2267 1894 2519 1959 ratione
2551 1915 2879 1976 quaecun-

529 2019 653 2081 que
717 2001 784 2064 in
847 2000 968 2065 hoc
1025 2000 1305 2064 carmine
1361 1999 1665 2081 leguntur
1718 1999 2080 2082 iudicanda,
2136 2018 2217 2064 ne
2274 2019 2439 2082 quae
2500 2000 2656 2066 ficta
2728 2022 2881 2069 esse

528 2112 804 2188 apparet
852 2126 928 2171 ea
973 2112 1048 2172 ut
1094 2126 1211 2188 pro
1258 2107 1428 2171 veris
1475 2106 1876 2171 venditemus
1923 2106 2317 2172 inducamur.
2393 2109 2574 2186 Quod
2619 2110 2873 2190 pericu-

527 2214 660 2278 lum
707 2214 836 2277 iam
882 2213 1240 2279 videbimus
1288 2213 1633 2294 plerosque
1678 2231 1809 2277 non
1853 2211 2115 2295 fugisse.
2230 2213 2443 2296 Atque
2498 2216 2554 2280 si
2602 2217 2683 2281 de
2730 2218 2881 2298 ipsa

529 2321 784 2386 ratione
832 2320 1116 2385 dubitari
1162 2338 1289 2384 non
1338 2324 1574 2400 potest,
1626 2336 1790 2400 quae
1840 2337 1991 2383 vera
2037 2337 2203 2400 quae
2248 2318 2402 2385 ficta
2448 2322 2580 2386 sint
2628 2323 2879 2387 discer-

526 2445 681 2491 nere
729 2425 1056 2491 difficilius
1104 2444 1229 2489 non
1278 2430 1399 2490 est.
1493 2424 1688 2489 Velut
1735 2425 1813 2488 de
1845 2443 1942 2489 vv.
1978 2427 2082 2490 31.
2123 2427 2206 2490 32
2256 2427 2411 2508 quid
2458 2428 2875 2494 iudicandum

526 2534 612 2600 sit
661 2540 943 2600 constat:
991 2552 1150 2616 quos
1199 2551 1390 2615 quam
1438 2551 1588 2597 vere
1624 2530 1890 2597 Ovidius
1937 2532 2323 2599 vaticinatus
2371 2535 2458 2599 sit
2504 2535 2716 2601 adhuc
2762 2536 2875 2601 fir-

526 2661 704 2706 mare
751 2642 903 2707 licet
949 2641 1199 2722 lepidos
1249 2639 1486 2703 Tibulli
1532 2638 1789 2704 libellos
1838 2638 2233 2721 legentibus3
2284 2641 2350 2705 id
2397 2660 2651 2723 quoque
2701 2646 2877 2725 quod

525 2748 586 2813 h.
622 2747 664 2812 l.
699 2747 1022 2813 Nemesim
1070 2750 1259 2810 vocat
1305 2769 1566 2819 „curam
1596 2754 1956 2817 recentem“‚
2010 2747 2329 2831 „primum
2376 2759 2695 2813 amorem“
2744 2750 2875 2816 De·

524 2853 678 2918 liam
727 2853 1093 2935 repetitque
1133 2853 1217 2933 (v,
1257 2853 1368 2931 53)
1419 2853 1865 2937 „Nemesisque
1912 2856 2166 2933 (nempe
2198 2855 2545 2939 posterior)
2568 2858 2877 2943 priorque

527 2960 811 3039 <Delia)“
864 2963 1111 3024 rectum
1161 2976 1302 3023 esse
1358 2959 1620 3037 scimus;
1673 2959 1911 3023 etenim
1958 2960 2227 3025 decebat
2276 2959 2572 3026 Ovidium
2620 2964 2686 3028 in
2737 2965 2875 3045 epi-

527 3066 706 3131 cedio
761 3065 996 3129 Tibulli
1044 3066 1419 3129 memoriam
1468 3066 1901 3131 celebrantem
1948 3083 2147 3146 opera
2203 3066 2357 3149 eius,
2399 3086 2566 3148 quae
2612 3070 2875 3150 quidem

525 3172 910 3254 pervulgata
969 3177 1186 3237 essent
1242 3190 1534 3253 quaeque
1592 3178 1971 3254 argumenta
2019 3172 2111 3237 eis
2158 3169 2435 3237 fuissent
2489 3193 2867 3241 memorare.

523 3279 664 3344 Hae
713 3284 864 3345 sunt
908 3296 1042 3342 res:
1092 3278 1194 3343 his
1244 3282 1459 3344 cetera
1507 3296 1670 3359 quae
1719 3276 1871 3343 ficta
1919 3283 2071 3345 sunt
2124 3278 2437 3359 nituntur,
2496 3278 2649 3345 ficta
2694 3282 2874 3347 vide-

524 3386 679 3451 licet
725 3383 1032 3449 consult0.

706 3492 887 3570 Quod
936 3489 1359 3572 respicientes
1409 3491 1491 3555 ad
1540 3510 1633 3556 vv.
1674 3492 1829 3556 55-—
1852 3492 1932 3555 58
1981 3492 2409 3574 aggredimur.

706 3597 1045 3663 Certamen
1105 3598 1479 3680 depingitur
1535 3598 1763 3663 Deliae
1822 3603 1888 3662 et
1948 3597 2313 3663 Nemeseos
2432 3600 2645 3681 Atque
2702 3601 2872 3682 quod

525 3706 840 3788 gloriatur
904 3704 1092 3769 Delia
1148 3705 1360 3769 vivum
1416 3710 1675 3787 poetam
1732 3705 1939 3786 ipsam
1998 3704 2313 3769 amavisse
2373 3711 2871 3771 consentaneum

524 3816 624 3878 est
672 3815 738 3874 et
796 3810 1054 3876 mireris
1111 3810 1247 3876 fere
1305 3812 1473 3892 quod
1531 3829 1833 3892 expresse
1888 3812 1954 3876 id
2012 3810 2279 3875 Ovidius
2335 3809 2692 3878 firmaverit
2746 3814 2871 3879 nisi

529 3935 606 3982 ea
653 3917 910 3981 ratione
956 3918 1116 3983 haec
1163 3920 1486 3985 sententia
1533 3918 1896 3999 excogitata
1944 3922 2117 3983 esset
2161 3922 2235 3981 ut
2282 3917 2472 3983 alteri
2518 3937 2874 3999 opponere-

525 4029 632 4087 tur
685 4023 985 4103 graviori,
1038 4044 1203 4106 quae
1251 4026 1333 4090 ad
1381 4025 1705 4090 Nemesim
1760 4026 2065 4105 pertinet.
2167 4023 2461 4105 Namque
2516 4025 2573 4091 si
2627 4044 2745 4106 per
2800 4045 2871 4091 se

527 4128 835 4194 credibile
883 4148 1009 4194 non
1057 4136 1158 4196 est
1203 4131 1458 4195 Deliam
1507 4136 1576 4196 et
1607 4131 1929 4195 Nemesim
1976 4130 2187 4195 funeri
2232 4128 2603 4197 interfuisse
2633 4131 2753 4197 1166
2790 4149 2871 4196 ea

525 4236 852 4301 sententia
899 4255 1088 4318 quam
1133 4236 1423 4303 Nemesis
1471 4237 1851 4319 pronuntiat
1885 4237 2242 4304 certissime
2286 4239 2626 4319 probatur:
2678 4257 2869 4321 quam
