<?xml version="1.0" encoding="UTF-8"?>
<!DOCTYPE html PUBLIC "-//W3C//DTD XHTML 1.0 Transitional//EN"
    "http://www.w3.org/TR/xhtml1/DTD/xhtml1-transitional.dtd">
<html xmlns="http://www.w3.org/1999/xhtml" xml:lang="en" lang="en">
 <head>
  <title>
</title>
<meta http-equiv="Content-Type" content="text/html;charset=utf-8" />
  <meta name='ocr-system' content='tesseract 3.04.00' />
  <meta name='ocr-capabilities' content='ocr_page ocr_carea ocr_par ocr_line ocrx_word'/>
</head>
<body>
  <div class='ocr_page' id='page_1' title='image "./studiatibullian01ullrgoog_0018.png"; bbox 0 0 3075 5100; ppageno 0'>
   <div class='ocr_carea' id='block_1_1' title="bbox 467 282 547 344">
    <p class='ocr_par' dir='ltr' id='par_1_1' title="bbox 467 282 547 344">
     <span class='ocr_line' id='line_1_1' title="bbox 467 282 547 344; baseline 0 0"><span class='ocrx_word' id='word_1_1' title='bbox 467 282 547 344; x_wconf 90' lang='lat'>10</span> 
     </span>
    </p>
   </div>
   <div class='ocr_carea' id='block_1_2' title="bbox 429 459 2803 3662">
    <p class='ocr_par' dir='ltr' id='par_1_2' title="bbox 429 459 2803 2134">
     <span class='ocr_line' id='line_1_2' title="bbox 455 459 2803 555; baseline 0.007 -32"><span class='ocrx_word' id='word_1_2' title='bbox 455 459 664 525; x_wconf 90' lang='lat' dir='ltr'>causis</span> <span class='ocrx_word' id='word_1_3' title='bbox 712 479 840 525; x_wconf 92' lang='lat' dir='ltr'>una</span> <span class='ocrx_word' id='word_1_4' title='bbox 885 462 1140 528; x_wconf 86' lang='lat' dir='ltr'>videtur</span> <span class='ocrx_word' id='word_1_5' title='bbox 1185 462 1386 530; x_wconf 84' lang='lat' dir='ltr'>fuisse</span> <span class='ocrx_word' id='word_1_6' title='bbox 1433 483 1510 530; x_wconf 91' lang='lat' dir='ltr'>ea</span> <span class='ocrx_word' id='word_1_7' title='bbox 1560 467 1730 547; x_wconf 91' lang='lat' dir='ltr'>quod</span> <span class='ocrx_word' id='word_1_8' title='bbox 1777 467 2043 534; x_wconf 88' lang='lat' dir='ltr'>Ovidius</span> <span class='ocrx_word' id='word_1_9' title='bbox 2092 471 2482 537; x_wconf 83' lang='lat' dir='ltr'><strong>carminibus</strong></span> <span class='ocrx_word' id='word_1_10' title='bbox 2507 471 2573 555; x_wconf 88' lang='lat'>¹),</span> <span class='ocrx_word' id='word_1_11' title='bbox 2635 475 2803 540; x_wconf 86' lang='lat' dir='ltr'>Arte</span> 
     </span>
     <span class='ocr_line' id='line_1_3' title="bbox 454 567 2797 661; baseline 0.007 -32"><span class='ocrx_word' id='word_1_12' title='bbox 454 584 684 646; x_wconf 86' lang='lat' dir='ltr'>nempe</span> <span class='ocrx_word' id='word_1_13' title='bbox 730 567 1132 652; x_wconf 72' lang='lat' dir='ltr'>amatoria2),</span> <span class='ocrx_word' id='word_1_14' title='bbox 1183 571 1414 652; x_wconf 91' lang='lat' dir='ltr'>quibus</span> <span class='ocrx_word' id='word_1_15' title='bbox 1460 573 1639 638; x_wconf 88' lang='lat' dir='ltr'>lusus</span> <span class='ocrx_word' id='word_1_16' title='bbox 1686 574 2027 639; x_wconf 85' lang='lat' dir='ltr'><strong>admodum</strong></span> <span class='ocrx_word' id='word_1_17' title='bbox 2077 576 2427 643; x_wconf 87' lang='lat' dir='ltr'>obscoenos</span> <span class='ocrx_word' id='word_1_18' title='bbox 2462 579 2797 661; x_wconf 86' lang='lat' dir='ltr'>depingat,</span> 
     </span>
     <span class='ocr_line' id='line_1_4' title="bbox 455 672 2799 762; baseline 0.007 -28"><span class='ocrx_word' id='word_1_19' title='bbox 455 672 816 754; x_wconf 86' lang='lat' dir='ltr'>Augustum</span> <span class='ocrx_word' id='word_1_20' title='bbox 861 675 1072 741; x_wconf 87' lang='lat' dir='ltr'>laesit.</span> <span class='ocrx_word' id='word_1_21' title='bbox 1151 677 1237 743; x_wconf 88' lang='lat' dir='ltr'>Et</span> <span class='ocrx_word' id='word_1_22' title='bbox 1280 676 1524 744; x_wconf 84' lang='lat' dir='ltr'>fatetur</span> <span class='ocrx_word' id='word_1_23' title='bbox 1558 678 1823 746; x_wconf 85' lang='lat' dir='ltr'>Ovidius</span> <span class='ocrx_word' id='word_1_24' title='bbox 1870 681 2075 762; x_wconf 89' lang='lat' dir='ltr'>ipsius</span> <span class='ocrx_word' id='word_1_25' title='bbox 2125 683 2409 748; x_wconf 90' lang='lat' dir='ltr'>carmina</span> <span class='ocrx_word' id='word_1_26' title='bbox 2456 703 2599 750; x_wconf 89' lang='lat' dir='ltr'>esse</span> <span class='ocrx_word' id='word_1_27' title='bbox 2632 687 2799 752; x_wconf 88' lang='lat' dir='ltr'>satis</span> 
     </span>
     <span class='ocr_line' id='line_1_5' title="bbox 455 777 2797 876; baseline 0.006 -35"><span class='ocrx_word' id='word_1_28' title='bbox 455 777 699 844; x_wconf 87' lang='lat' dir='ltr'>lasciva</span> <span class='ocrx_word' id='word_1_29' title='bbox 755 783 838 862; x_wconf 87' lang='lat' dir='ltr'>(v.</span> <span class='ocrx_word' id='word_1_30' title='bbox 885 784 1008 846; x_wconf 85' lang='lat'>241</span> <span class='ocrx_word' id='word_1_31' title='bbox 1043 782 1240 867; x_wconf 90' lang='lat' dir='ltr'>sqq.)‚</span> <span class='ocrx_word' id='word_1_32' title='bbox 1301 804 1510 866; x_wconf 91' lang='lat' dir='ltr'>neque</span> <span class='ocrx_word' id='word_1_33' title='bbox 1568 792 1784 852; x_wconf 87' lang='lat' dir='ltr'>tamen</span> <span class='ocrx_word' id='word_1_34' title='bbox 1846 791 1944 862; x_wconf 70' lang='lat' dir='ltr'>„si</span> <span class='ocrx_word' id='word_1_35' title='bbox 1998 801 2163 854; x_wconf 77' lang='lat' dir='ltr'>recta</span> <span class='ocrx_word' id='word_1_36' title='bbox 2217 803 2413 855; x_wconf 78' lang='lat' dir='ltr'>mente</span> <span class='ocrx_word' id='word_1_37' title='bbox 2468 792 2797 876; x_wconf 69' lang='lat' dir='ltr'>leyantur“</span> 
     </span>
     <span class='ocr_line' id='line_1_6' title="bbox 456 885 2799 980; baseline 0.006 -31"><span class='ocrx_word' id='word_1_38' title='bbox 456 885 732 952; x_wconf 81' lang='lat' dir='ltr'>obnoxia</span> <span class='ocrx_word' id='word_1_39' title='bbox 791 887 875 972; x_wconf 88' lang='lat' dir='ltr'>(v.</span> <span class='ocrx_word' id='word_1_40' title='bbox 914 887 1098 974; x_wconf 79' lang='lat'>275);</span> <span class='ocrx_word' id='word_1_41' title='bbox 1175 891 1289 956; x_wconf 87' lang='lat' dir='ltr'>sed</span> <span class='ocrx_word' id='word_1_42' title='bbox 1355 890 1621 959; x_wconf 88' lang='lat' dir='ltr'>firmans</span> <span class='ocrx_word' id='word_1_43' title='bbox 1688 893 1818 958; x_wconf 91' lang='lat' dir='ltr'>alia</span> <span class='ocrx_word' id='word_1_44' title='bbox 1880 913 2136 977; x_wconf 89' lang='lat' dir='ltr'>quoque</span> <span class='ocrx_word' id='word_1_45' title='bbox 2200 913 2427 963; x_wconf 84' lang='lat' dir='ltr'>causas</span> <span class='ocrx_word' id='word_1_46' title='bbox 2484 899 2799 980; x_wconf 89' lang='lat' dir='ltr'>peccandi</span> 
     </span>
     <span class='ocr_line' id='line_1_7' title="bbox 457 994 2794 1085; baseline 0.006 -28"><span class='ocrx_word' id='word_1_47' title='bbox 457 994 611 1058; x_wconf 89' lang='lat' dir='ltr'>dare</span> <span class='ocrx_word' id='word_1_48' title='bbox 643 994 726 1079; x_wconf 88' lang='lat' dir='ltr'>(v.</span> <span class='ocrx_word' id='word_1_49' title='bbox 766 996 887 1060; x_wconf 85' lang='lat'>281</span> <span class='ocrx_word' id='word_1_50' title='bbox 919 995 1085 1080; x_wconf 87' lang='lat' dir='ltr'>sqq.)</span> <span class='ocrx_word' id='word_1_51' title='bbox 1119 1003 1448 1081; x_wconf 89' lang='lat' dir='ltr'>ratusque,</span> <span class='ocrx_word' id='word_1_52' title='bbox 1499 1019 1664 1082; x_wconf 87' lang='lat' dir='ltr'>quae</span> <span class='ocrx_word' id='word_1_53' title='bbox 1710 1001 1777 1066; x_wconf 89' lang='lat' dir='ltr'>in</span> <span class='ocrx_word' id='word_1_54' title='bbox 1823 1001 1958 1066; x_wconf 89' lang='lat' dir='ltr'>vita</span> <span class='ocrx_word' id='word_1_55' title='bbox 1987 1002 2131 1084; x_wconf 87' lang='lat' dir='ltr'>ipsa</span> <span class='ocrx_word' id='word_1_56' title='bbox 2173 1004 2520 1085; x_wconf 89' lang='lat' dir='ltr'>opprobrio</span> <span class='ocrx_word' id='word_1_57' title='bbox 2556 1011 2794 1080; x_wconf 82' lang='lat' dir='ltr'>essent,</span> 
     </span>
     <span class='ocr_line' id='line_1_8' title="bbox 456 1101 2799 1191; baseline 0.006 -27"><span class='ocrx_word' id='word_1_58' title='bbox 456 1118 535 1164; x_wconf 91' lang='lat' dir='ltr'>ea</span> <span class='ocrx_word' id='word_1_59' title='bbox 578 1101 644 1166; x_wconf 92' lang='lat' dir='ltr'>in</span> <span class='ocrx_word' id='word_1_60' title='bbox 692 1103 874 1183; x_wconf 90' lang='lat' dir='ltr'>poesi</span> <span class='ocrx_word' id='word_1_61' title='bbox 919 1123 1047 1169; x_wconf 94' lang='lat' dir='ltr'>non</span> <span class='ocrx_word' id='word_1_62' title='bbox 1096 1104 1343 1188; x_wconf 90' lang='lat' dir='ltr'>culpari</span> <span class='ocrx_word' id='word_1_63' title='bbox 1390 1110 1474 1188; x_wconf 88' lang='lat' dir='ltr'>(v.</span> <span class='ocrx_word' id='word_1_64' title='bbox 1512 1107 1639 1171; x_wconf 84' lang='lat'>353</span> <span class='ocrx_word' id='word_1_65' title='bbox 1667 1107 1837 1189; x_wconf 90' lang='lat' dir='ltr'>sqq.)</span> <span class='ocrx_word' id='word_1_66' title='bbox 1882 1107 1949 1172; x_wconf 89' lang='lat' dir='ltr'>id</span> <span class='ocrx_word' id='word_1_67' title='bbox 1994 1127 2249 1191; x_wconf 88' lang='lat' dir='ltr'>quoque</span> <span class='ocrx_word' id='word_1_68' title='bbox 2295 1110 2361 1174; x_wconf 91' lang='lat' dir='ltr'>in</span> <span class='ocrx_word' id='word_1_69' title='bbox 2394 1129 2576 1175; x_wconf 91' lang='lat' dir='ltr'>suum</span> <span class='ocrx_word' id='word_1_70' title='bbox 2610 1130 2799 1176; x_wconf 91' lang='lat' dir='ltr'>usum</span> 
     </span>
     <span class='ocr_line' id='line_1_9' title="bbox 429 1209 2798 1302; baseline 0.005 -31"><span class='ocrx_word' id='word_1_71' title='bbox 429 1209 773 1274; x_wconf 76' lang='lat' dir='ltr'>convertit</span> <span class='ocrx_word' id='word_1_72' title='bbox 820 1212 989 1292; x_wconf 90' lang='lat' dir='ltr'>quod</span> <span class='ocrx_word' id='word_1_73' title='bbox 1024 1212 1135 1276; x_wconf 90' lang='lat' dir='ltr'>alii</span> <span class='ocrx_word' id='word_1_74' title='bbox 1167 1213 1516 1295; x_wconf 82' lang='lat' dir='ltr'>scriptores</span> <span class='ocrx_word' id='word_1_75' title='bbox 1549 1214 1788 1279; x_wconf 86' lang='lat' dir='ltr'>similia</span> <span class='ocrx_word' id='word_1_76' title='bbox 1819 1217 2328 1298; x_wconf 81' lang='lat' dir='ltr'>composuissent</span> <span class='ocrx_word' id='word_1_77' title='bbox 2360 1218 2441 1301; x_wconf 85' lang='lat' dir='ltr'>(v.</span> <span class='ocrx_word' id='word_1_78' title='bbox 2476 1219 2599 1282; x_wconf 90' lang='lat'>361</span> <span class='ocrx_word' id='word_1_79' title='bbox 2629 1220 2798 1302; x_wconf 88' lang='lat' dir='ltr'>sqq.)</span> 
     </span>
     <span class='ocr_line' id='line_1_10' title="bbox 458 1315 2799 1406; baseline 0.005 -27"><span class='ocrx_word' id='word_1_80' title='bbox 458 1320 524 1380; x_wconf 92' lang='lat' dir='ltr'>et</span> <span class='ocrx_word' id='word_1_81' title='bbox 579 1315 812 1382; x_wconf 88' lang='lat' dir='ltr'>Graeci</span> <span class='ocrx_word' id='word_1_82' title='bbox 867 1321 946 1402; x_wconf 81' lang='lat' dir='ltr'>(V.</span> <span class='ocrx_word' id='word_1_83' title='bbox 985 1319 1112 1384; x_wconf 88' lang='lat'>363</span> <span class='ocrx_word' id='word_1_84' title='bbox 1141 1321 1304 1404; x_wconf 91' lang='lat' dir='ltr'>sqq.)</span> <span class='ocrx_word' id='word_1_85' title='bbox 1369 1326 1436 1386; x_wconf 90' lang='lat' dir='ltr'>et</span> <span class='ocrx_word' id='word_1_86' title='bbox 1489 1322 1760 1387; x_wconf 89' lang='lat' dir='ltr'>Romani</span> <span class='ocrx_word' id='word_1_87' title='bbox 1819 1323 1964 1406; x_wconf 78' lang='lat'>(421</span> <span class='ocrx_word' id='word_1_88' title='bbox 2006 1322 2189 1405; x_wconf 91' lang='lat' dir='ltr'>sqq.).</span> <span class='ocrx_word' id='word_1_89' title='bbox 2296 1325 2506 1406; x_wconf 89' lang='lat' dir='ltr'>Atque</span> <span class='ocrx_word' id='word_1_90' title='bbox 2558 1327 2799 1392; x_wconf 90' lang='lat' dir='ltr'>multos</span> 
     </span>
     <span class='ocr_line' id='line_1_11' title="bbox 458 1423 2799 1516; baseline 0.005 -29"><span class='ocrx_word' id='word_1_91' title='bbox 458 1423 567 1505; x_wconf 92' lang='lat' dir='ltr'>qui</span> <span class='ocrx_word' id='word_1_92' title='bbox 601 1429 752 1490; x_wconf 87' lang='lat' dir='ltr'>ante</span> <span class='ocrx_word' id='word_1_93' title='bbox 784 1426 994 1506; x_wconf 90' lang='lat' dir='ltr'>ipsum</span> <span class='ocrx_word' id='word_1_94' title='bbox 1023 1425 1285 1492; x_wconf 86' lang='lat' dir='ltr'>fuerunt</span> <span class='ocrx_word' id='word_1_95' title='bbox 1315 1429 1665 1510; x_wconf 87' lang='lat' dir='ltr'>scriptores</span> <span class='ocrx_word' id='word_1_96' title='bbox 1698 1430 1975 1496; x_wconf 88' lang='lat' dir='ltr'>eroticos</span> <span class='ocrx_word' id='word_1_97' title='bbox 2008 1448 2388 1497; x_wconf 90' lang='lat' dir='ltr'>enumerans</span> <span class='ocrx_word' id='word_1_98' title='bbox 2420 1433 2799 1516; x_wconf 86' lang='lat' dir='ltr'>priusquam</span> 
     </span>
     <span class='ocr_line' id='line_1_12' title="bbox 459 1531 2796 1619; baseline 0.005 -25"><span class='ocrx_word' id='word_1_99' title='bbox 459 1531 542 1595; x_wconf 88' lang='lat' dir='ltr'>ad</span> <span class='ocrx_word' id='word_1_100' title='bbox 594 1550 665 1595; x_wconf 87' lang='lat' dir='ltr'>se</span> <span class='ocrx_word' id='word_1_101' title='bbox 722 1539 1016 1598; x_wconf 89' lang='lat' dir='ltr'>recurrat</span> <span class='ocrx_word' id='word_1_102' title='bbox 1074 1537 1152 1618; x_wconf 87' lang='lat' dir='ltr'>(v.</span> <span class='ocrx_word' id='word_1_103' title='bbox 1199 1536 1327 1599; x_wconf 86' lang='lat'>467</span> <span class='ocrx_word' id='word_1_104' title='bbox 1355 1535 1516 1619; x_wconf 91' lang='lat' dir='ltr'>sqq.)</span> <span class='ocrx_word' id='word_1_105' title='bbox 1575 1535 1869 1617; x_wconf 90' lang='lat' dir='ltr'>pluribus</span> <span class='ocrx_word' id='word_1_106' title='bbox 1927 1543 2358 1604; x_wconf 79' lang='lat' dir='ltr'>commoratur</span> <span class='ocrx_word' id='word_1_107' title='bbox 2411 1541 2478 1604; x_wconf 91' lang='lat' dir='ltr'>in</span> <span class='ocrx_word' id='word_1_108' title='bbox 2539 1541 2796 1606; x_wconf 86' lang='lat' dir='ltr'>Tibullo</span> 
     </span>
     <span class='ocr_line' id='line_1_13' title="bbox 459 1639 2799 1729; baseline 0.005 -27"><span class='ocrx_word' id='word_1_109' title='bbox 459 1639 578 1720; x_wconf 89' lang='lat' dir='ltr'>(vv.</span> <span class='ocrx_word' id='word_1_110' title='bbox 620 1641 1036 1724; x_wconf 83' lang='lat'>447—464).</span> <span class='ocrx_word' id='word_1_111' title='bbox 1131 1641 1356 1706; x_wconf 85' lang='lat' dir='ltr'>Tradit</span> <span class='ocrx_word' id='word_1_112' title='bbox 1410 1642 1611 1723; x_wconf 87' lang='lat' dir='ltr'>igitur</span> <span class='ocrx_word' id='word_1_113' title='bbox 1667 1643 1767 1709; x_wconf 87' lang='lat' dir='ltr'>his</span> <span class='ocrx_word' id='word_1_114' title='bbox 1823 1644 2114 1711; x_wconf 87' lang='lat' dir='ltr'>versibus</span> <span class='ocrx_word' id='word_1_115' title='bbox 2171 1647 2279 1728; x_wconf 90' lang='lat' dir='ltr'>qui</span> <span class='ocrx_word' id='word_1_116' title='bbox 2342 1647 2433 1712; x_wconf 90' lang='lat' dir='ltr'>eis</span> <span class='ocrx_word' id='word_1_117' title='bbox 2482 1667 2643 1729; x_wconf 92' lang='lat' dir='ltr'>quos</span> <span class='ocrx_word' id='word_1_118' title='bbox 2690 1667 2799 1712; x_wconf 83' lang='lat' dir='ltr'>ex-</span> 
     </span>
     <span class='ocr_line' id='line_1_14' title="bbox 461 1745 2798 1828; baseline 0.005 -19"><span class='ocrx_word' id='word_1_119' title='bbox 461 1745 832 1828; x_wconf 85' lang='lat' dir='ltr'>scripsimus</span> <span class='ocrx_word' id='word_1_120' title='bbox 900 1748 1146 1814; x_wconf 91' lang='lat' dir='ltr'>duobus</span> <span class='ocrx_word' id='word_1_121' title='bbox 1209 1749 1677 1815; x_wconf 87' lang='lat' dir='ltr'>concluduntur</span> <span class='ocrx_word' id='word_1_122' title='bbox 1738 1749 2004 1816; x_wconf 90' lang='lat' dir='ltr'>Ovidius</span> <span class='ocrx_word' id='word_1_123' title='bbox 2065 1752 2389 1818; x_wconf 90' lang='lat' dir='ltr'>Tibullum</span> <span class='ocrx_word' id='word_1_124' title='bbox 2444 1755 2798 1820; x_wconf 84' lang='lat' dir='ltr'>identidem</span> 
     </span>
     <span class='ocr_line' id='line_1_15' title="bbox 457 1852 2795 1943; baseline 0.006 -28"><span class='ocrx_word' id='word_1_125' title='bbox 457 1852 619 1916; x_wconf 89' lang='lat' dir='ltr'>talia</span> <span class='ocrx_word' id='word_1_126' title='bbox 663 1853 966 1935; x_wconf 85' lang='lat' dir='ltr'>pinxisse.</span> <span class='ocrx_word' id='word_1_127' title='bbox 1046 1855 1222 1933; x_wconf 86' lang='lat' dir='ltr'>Quae</span> <span class='ocrx_word' id='word_1_128' title='bbox 1271 1875 1411 1921; x_wconf 91' lang='lat' dir='ltr'>cum</span> <span class='ocrx_word' id='word_1_129' title='bbox 1457 1856 1581 1922; x_wconf 91' lang='lat' dir='ltr'>sibi</span> <span class='ocrx_word' id='word_1_130' title='bbox 1630 1859 2001 1924; x_wconf 88' lang='lat' dir='ltr'>nocuissent</span> <span class='ocrx_word' id='word_1_131' title='bbox 2048 1859 2142 1924; x_wconf 93' lang='lat' dir='ltr'>illi</span> <span class='ocrx_word' id='word_1_132' title='bbox 2173 1857 2386 1924; x_wconf 85' lang='lat' dir='ltr'>fraudi</span> <span class='ocrx_word' id='word_1_133' title='bbox 2417 1880 2544 1926; x_wconf 92' lang='lat' dir='ltr'>non</span> <span class='ocrx_word' id='word_1_134' title='bbox 2576 1861 2795 1943; x_wconf 87' lang='lat' dir='ltr'>fuisse,</span> 
     </span>
     <span class='ocr_line' id='line_1_16' title="bbox 456 1958 2799 2056; baseline 0.005 -34"><span class='ocrx_word' id='word_1_135' title='bbox 456 1958 714 2042; x_wconf 87' lang='lat' dir='ltr'>legique</span> <span class='ocrx_word' id='word_1_136' title='bbox 773 1960 1093 2028; x_wconf 91' lang='lat' dir='ltr'>Tibullum</span> <span class='ocrx_word' id='word_1_137' title='bbox 1161 1968 1228 2029; x_wconf 87' lang='lat' dir='ltr'>et</span> <span class='ocrx_word' id='word_1_138' title='bbox 1291 1964 1549 2046; x_wconf 87' lang='lat' dir='ltr'>placere</span> <span class='ocrx_word' id='word_1_139' title='bbox 1618 1972 1684 2031; x_wconf 90' lang='lat' dir='ltr'>et</span> <span class='ocrx_word' id='word_1_140' title='bbox 1748 1966 1877 2030; x_wconf 91' lang='lat' dir='ltr'>iam</span> <span class='ocrx_word' id='word_1_141' title='bbox 1944 1967 2055 2031; x_wconf 78' lang='lat' dir='ltr'>hoo</span> <span class='ocrx_word' id='word_1_142' title='bbox 2109 1964 2457 2052; x_wconf 85' lang='lat' dir='ltr'>(Augusto)</span> <span class='ocrx_word' id='word_1_143' title='bbox 2503 1970 2799 2056; x_wconf 64' lang='lat' dir='ltr'>principe</span> 
     </span>
     <span class='ocr_line' id='line_1_17' title="bbox 459 2066 1455 2134; baseline 0.006 -4"><span class='ocrx_word' id='word_1_144' title='bbox 459 2073 676 2132; x_wconf 87' lang='lat' dir='ltr'>notum</span> <span class='ocrx_word' id='word_1_145' title='bbox 727 2066 945 2134; x_wconf 86' lang='lat' dir='ltr'>fuisse.</span> <span class='ocrx_word' id='word_1_146' title='bbox 1450 2077 1455 2081; x_wconf 87' lang='lat'>&#39;</span> 
     </span>
    </p>

    <p class='ocr_par' dir='ltr' id='par_1_3' title="bbox 459 2176 2799 3662">
     <span class='ocr_line' id='line_1_18' title="bbox 634 2176 2799 2269; baseline 0.003 -28"><span class='ocrx_word' id='word_1_147' title='bbox 634 2176 823 2242; x_wconf 84' lang='lat' dir='ltr'>Hunc</span> <span class='ocrx_word' id='word_1_148' title='bbox 879 2178 1164 2244; x_wconf 82' lang='lat' dir='ltr'>ordinem</span> <span class='ocrx_word' id='word_1_149' title='bbox 1221 2181 1465 2266; x_wconf 56' lang='lat' dir='ltr'>leyitum</span> <span class='ocrx_word' id='word_1_150' title='bbox 1517 2183 1755 2268; x_wconf 78' lang='lat' dir='ltr'>placet,</span> <span class='ocrx_word' id='word_1_151' title='bbox 1815 2187 1946 2248; x_wconf 86' lang='lat' dir='ltr'>iam</span> <span class='ocrx_word' id='word_1_152' title='bbox 1992 2197 2047 2249; x_wconf 78' lang='lat' dir='ltr'>te</span> <span class='ocrx_word' id='word_1_153' title='bbox 2091 2185 2386 2269; x_wconf 76' lang='lat' dir='ltr'>principe</span> <span class='ocrx_word' id='word_1_154' title='bbox 2441 2196 2619 2247; x_wconf 73' lang='lat' dir='ltr'>notas</span> <span class='ocrx_word' id='word_1_155' title='bbox 2664 2196 2799 2248; x_wconf 77' lang='lat' dir='ltr'>erat</span> 
     </span>
     <span class='ocr_line' id='line_1_19' title="bbox 459 2283 2795 2373; baseline 0.003 -25"><span class='ocrx_word' id='word_1_156' title='bbox 459 2303 576 2350; x_wconf 88' lang='lat' dir='ltr'>nec</span> <span class='ocrx_word' id='word_1_157' title='bbox 621 2283 889 2351; x_wconf 79' lang='lat' dir='ltr'>fortuito</span> <span class='ocrx_word' id='word_1_158' title='bbox 959 2287 1253 2368; x_wconf 88' lang='lat' dir='ltr'>posuisse</span> <span class='ocrx_word' id='word_1_159' title='bbox 1317 2294 1579 2370; x_wconf 89' lang='lat' dir='ltr'>poetam</span> <span class='ocrx_word' id='word_1_160' title='bbox 1642 2310 1778 2373; x_wconf 87' lang='lat' dir='ltr'>nec,</span> <span class='ocrx_word' id='word_1_161' title='bbox 1838 2309 1978 2356; x_wconf 91' lang='lat' dir='ltr'>cum</span> <span class='ocrx_word' id='word_1_162' title='bbox 2036 2292 2159 2357; x_wconf 91' lang='lat' dir='ltr'>duo</span> <span class='ocrx_word' id='word_1_163' title='bbox 2217 2290 2553 2356; x_wconf 86' lang='lat' dir='ltr'>enuntiata</span> <span class='ocrx_word' id='word_1_164' title='bbox 2597 2293 2795 2356; x_wconf 87' lang='lat' dir='ltr'>tertio</span> 
     </span>
     <span class='ocr_line' id='line_1_20' title="bbox 461 2394 2798 2476; baseline 0.002 -18"><span class='ocrx_word' id='word_1_165' title='bbox 461 2398 749 2476; x_wconf 85' lang='lat' dir='ltr'>augeret,</span> <span class='ocrx_word' id='word_1_166' title='bbox 822 2395 1132 2476; x_wconf 86' lang='lat' dir='ltr'>temporis</span> <span class='ocrx_word' id='word_1_167' title='bbox 1203 2394 1739 2476; x_wconf 87' lang='lat' dir='ltr'>significationem</span> <span class='ocrx_word' id='word_1_168' title='bbox 1811 2396 1892 2461; x_wconf 92' lang='lat' dir='ltr'>ob</span> <span class='ocrx_word' id='word_1_169' title='bbox 1964 2415 2104 2460; x_wconf 88' lang='lat' dir='ltr'>eam</span> <span class='ocrx_word' id='word_1_170' title='bbox 2157 2416 2350 2461; x_wconf 91' lang='lat' dir='ltr'>unam</span> <span class='ocrx_word' id='word_1_171' title='bbox 2409 2415 2667 2461; x_wconf 89' lang='lat' dir='ltr'>causam</span> <span class='ocrx_word' id='word_1_172' title='bbox 2723 2402 2798 2462; x_wconf 92' lang='lat' dir='ltr'>ut</span> 
     </span>
     <span class='ocr_line' id='line_1_21' title="bbox 461 2501 2794 2586; baseline 0.001 -20"><span class='ocrx_word' id='word_1_173' title='bbox 461 2519 715 2567; x_wconf 83' lang='lat' dir='ltr'>versum</span> <span class='ocrx_word' id='word_1_174' title='bbox 749 2501 1040 2584; x_wconf 82' lang='lat' dir='ltr'>expleret</span> <span class='ocrx_word' id='word_1_175' title='bbox 1071 2507 1317 2568; x_wconf 88' lang='lat' dir='ltr'>temere</span> <span class='ocrx_word' id='word_1_176' title='bbox 1349 2502 1662 2568; x_wconf 88' lang='lat' dir='ltr'>adiecisse</span> <span class='ocrx_word' id='word_1_177' title='bbox 1694 2503 1760 2568; x_wconf 90' lang='lat' dir='ltr'>in</span> <span class='ocrx_word' id='word_1_178' title='bbox 1792 2507 2094 2586; x_wconf 86' lang='lat' dir='ltr'>promptu</span> <span class='ocrx_word' id='word_1_179' title='bbox 2128 2507 2246 2569; x_wconf 89' lang='lat' dir='ltr'>est.</span> <span class='ocrx_word' id='word_1_180' title='bbox 2323 2503 2524 2569; x_wconf 91' lang='lat' dir='ltr'>Immo</span> <span class='ocrx_word' id='word_1_181' title='bbox 2558 2503 2794 2586; x_wconf 87' lang='lat' dir='ltr'>gradus</span> 
     </span>
     <span class='ocr_line' id='line_1_22' title="bbox 461 2609 2794 2691; baseline 0.001 -18"><span class='ocrx_word' id='word_1_182' title='bbox 461 2627 611 2673; x_wconf 91' lang='lat' dir='ltr'>suos</span> <span class='ocrx_word' id='word_1_183' title='bbox 680 2609 925 2675; x_wconf 91' lang='lat' dir='ltr'>habent</span> <span class='ocrx_word' id='word_1_184' title='bbox 991 2610 1150 2676; x_wconf 88' lang='lat' dir='ltr'>haec</span> <span class='ocrx_word' id='word_1_185' title='bbox 1207 2610 1355 2675; x_wconf 89' lang='lat' dir='ltr'>tria.</span> <span class='ocrx_word' id='word_1_186' title='bbox 1461 2610 1751 2691; x_wconf 87' lang='lat' dir='ltr'>Namque</span> <span class='ocrx_word' id='word_1_187' title='bbox 1800 2610 2085 2691; x_wconf 86' lang='lat' dir='ltr'>Ovidius,</span> <span class='ocrx_word' id='word_1_188' title='bbox 2150 2610 2356 2691; x_wconf 91' lang='lat' dir='ltr'>ipsius</span> <span class='ocrx_word' id='word_1_189' title='bbox 2406 2612 2794 2676; x_wconf 91' lang='lat' dir='ltr'>condicionis</span> 
     </span>
     <span class='ocr_line' id='line_1_23' title="bbox 462 2716 2795 2799; baseline -0 -18"><span class='ocrx_word' id='word_1_190' title='bbox 462 2735 654 2799; x_wconf 90' lang='lat' dir='ltr'>quam</span> <span class='ocrx_word' id='word_1_191' title='bbox 721 2718 972 2799; x_wconf 89' lang='lat' dir='ltr'>patitur</span> <span class='ocrx_word' id='word_1_192' title='bbox 1041 2723 1106 2783; x_wconf 90' lang='lat' dir='ltr'>et</span> <span class='ocrx_word' id='word_1_193' title='bbox 1175 2716 1566 2782; x_wconf 79' lang='lat' dir='ltr'>carminibus</span> <span class='ocrx_word' id='word_1_194' title='bbox 1636 2718 1769 2782; x_wconf 91' lang='lat' dir='ltr'>suis</span> <span class='ocrx_word' id='word_1_195' title='bbox 1837 2718 1904 2781; x_wconf 91' lang='lat' dir='ltr'>in</span> <span class='ocrx_word' id='word_1_196' title='bbox 1964 2736 2033 2781; x_wconf 88' lang='lat' dir='ltr'>se</span> <span class='ocrx_word' id='word_1_197' title='bbox 2091 2716 2485 2782; x_wconf 88' lang='lat' dir='ltr'>contuluisse</span> <span class='ocrx_word' id='word_1_198' title='bbox 2539 2717 2795 2782; x_wconf 81' lang='lat' dir='ltr'>videtur</span> 
     </span>
     <span class='ocr_line' id='line_1_24' title="bbox 461 2824 2795 2907; baseline -0 -19"><span class='ocrx_word' id='word_1_199' title='bbox 461 2824 566 2907; x_wconf 84' lang='lat' dir='ltr'>(cf.</span> <span class='ocrx_word' id='word_1_200' title='bbox 611 2844 709 2889; x_wconf 82' lang='lat' dir='ltr'>vv.</span> <span class='ocrx_word' id='word_1_201' title='bbox 752 2827 1009 2907; x_wconf 86' lang='lat'>1—14)</span> <span class='ocrx_word' id='word_1_202' title='bbox 1055 2826 1451 2905; x_wconf 86' lang='lat' dir='ltr'>recordatus,</span> <span class='ocrx_word' id='word_1_203' title='bbox 1511 2844 1653 2889; x_wconf 91' lang='lat' dir='ltr'>cum</span> <span class='ocrx_word' id='word_1_204' title='bbox 1710 2829 1902 2889; x_wconf 90' lang='lat' dir='ltr'>antea</span> <span class='ocrx_word' id='word_1_205' title='bbox 1947 2824 2148 2889; x_wconf 87' lang='lat' dir='ltr'>multo</span> <span class='ocrx_word' id='word_1_206' title='bbox 2196 2824 2559 2888; x_wconf 82' lang='lat' dir='ltr'>accuratius</span> <span class='ocrx_word' id='word_1_207' title='bbox 2606 2842 2795 2905; x_wconf 88' lang='lat' dir='ltr'>quam</span> 
     </span>
     <span class='ocr_line' id='line_1_25' title="bbox 464 2928 2795 3014; baseline -0.001 -17"><span class='ocrx_word' id='word_1_208' title='bbox 464 2937 825 2997; x_wconf 89' lang='lat' dir='ltr'>ceterorum</span> <span class='ocrx_word' id='word_1_209' title='bbox 873 2930 1107 2995; x_wconf 89' lang='lat' dir='ltr'>Tibulli</span> <span class='ocrx_word' id='word_1_210' title='bbox 1164 2933 1449 2998; x_wconf 90' lang='lat' dir='ltr'>carmina</span> <span class='ocrx_word' id='word_1_211' title='bbox 1504 2950 1669 3014; x_wconf 89' lang='lat' dir='ltr'>quae</span> <span class='ocrx_word' id='word_1_212' title='bbox 1725 2932 1982 3014; x_wconf 89' lang='lat' dir='ltr'>quidem</span> <span class='ocrx_word' id='word_1_213' title='bbox 2040 2937 2334 3013; x_wconf 88' lang='lat' dir='ltr'>spectent</span> <span class='ocrx_word' id='word_1_214' title='bbox 2388 2932 2471 2996; x_wconf 90' lang='lat' dir='ltr'>ad</span> <span class='ocrx_word' id='word_1_215' title='bbox 2524 2928 2795 2995; x_wconf 84' lang='lat' dir='ltr'>furtivos</span> 
     </span>
     <span class='ocr_line' id='line_1_26' title="bbox 463 3038 2797 3123; baseline -0.002 -17"><span class='ocrx_word' id='word_1_216' title='bbox 463 3058 714 3106; x_wconf 88' lang='lat' dir='ltr'>amores</span> <span class='ocrx_word' id='word_1_217' title='bbox 733 3040 1670 3121; x_wconf 85' lang='lat' dir='ltr'>commemoraverit,Tibullum</span> <span class='ocrx_word' id='word_1_218' title='bbox 1685 3040 1810 3123; x_wconf 91' lang='lat' dir='ltr'>ipsi</span> <span class='ocrx_word' id='word_1_219' title='bbox 1830 3038 1953 3104; x_wconf 91' lang='lat' dir='ltr'>sibi</span> <span class='ocrx_word' id='word_1_220' title='bbox 1973 3056 2303 3121; x_wconf 87' lang='lat' dir='ltr'>opponens</span> <span class='ocrx_word' id='word_1_221' title='bbox 2319 3040 2536 3104; x_wconf 87' lang='lat' dir='ltr'>studet</span> <span class='ocrx_word' id='word_1_222' title='bbox 2550 3043 2625 3103; x_wconf 92' lang='lat' dir='ltr'>ut</span> <span class='ocrx_word' id='word_1_223' title='bbox 2642 3057 2797 3120; x_wconf 91' lang='lat' dir='ltr'>qua-</span> 
     </span>
     <span class='ocr_line' id='line_1_27' title="bbox 465 3147 2796 3228; baseline -0.002 -14"><span class='ocrx_word' id='word_1_224' title='bbox 465 3150 611 3214; x_wconf 90' lang='lat' dir='ltr'>dam</span> <span class='ocrx_word' id='word_1_225' title='bbox 658 3148 722 3213; x_wconf 86' lang='lat' dir='ltr'>vi</span> <span class='ocrx_word' id='word_1_226' title='bbox 767 3147 950 3212; x_wconf 91' lang='lat' dir='ltr'>illum</span> <span class='ocrx_word' id='word_1_227' title='bbox 998 3166 1116 3212; x_wconf 86' lang='lat' dir='ltr'>nec</span> <span class='ocrx_word' id='word_1_228' title='bbox 1161 3147 1283 3212; x_wconf 91' lang='lat' dir='ltr'>hac</span> <span class='ocrx_word' id='word_1_229' title='bbox 1313 3151 1529 3213; x_wconf 87' lang='lat' dir='ltr'>aetate</span> <span class='ocrx_word' id='word_1_230' title='bbox 1562 3166 1679 3212; x_wconf 86' lang='lat' dir='ltr'>nec</span> <span class='ocrx_word' id='word_1_231' title='bbox 1724 3148 1943 3228; x_wconf 87' lang='lat' dir='ltr'>priore</span> <span class='ocrx_word' id='word_1_232' title='bbox 1975 3147 2322 3228; x_wconf 89' lang='lat' dir='ltr'>quidquam</span> <span class='ocrx_word' id='word_1_233' title='bbox 2354 3147 2503 3211; x_wconf 90' lang='lat' dir='ltr'>mali</span> <span class='ocrx_word' id='word_1_234' title='bbox 2536 3164 2796 3228; x_wconf 89' lang='lat' dir='ltr'>passum</span> 
     </span>
     <span class='ocr_line' id='line_1_28' title="bbox 466 3253 2792 3337; baseline -0.002 -15"><span class='ocrx_word' id='word_1_235' title='bbox 466 3274 608 3322; x_wconf 89' lang='lat' dir='ltr'>esse</span> <span class='ocrx_word' id='word_1_236' title='bbox 666 3260 944 3322; x_wconf 88' lang='lat' dir='ltr'>moneat.</span> <span class='ocrx_word' id='word_1_237' title='bbox 1059 3255 1290 3337; x_wconf 88' lang='lat' dir='ltr'>Itaque</span> <span class='ocrx_word' id='word_1_238' title='bbox 1347 3255 1611 3320; x_wconf 89' lang='lat' dir='ltr'>verbum</span> <span class='ocrx_word' id='word_1_239' title='bbox 1668 3254 1863 3320; x_wconf 86' lang='lat' dir='ltr'>verbo</span> <span class='ocrx_word' id='word_1_240' title='bbox 1920 3253 2151 3319; x_wconf 87' lang='lat' dir='ltr'>fortius</span> <span class='ocrx_word' id='word_1_241' title='bbox 2207 3253 2424 3319; x_wconf 86' lang='lat' dir='ltr'>reddit</span> <span class='ocrx_word' id='word_1_242' title='bbox 2474 3258 2549 3317; x_wconf 91' lang='lat' dir='ltr'>ut</span> <span class='ocrx_word' id='word_1_243' title='bbox 2594 3253 2792 3319; x_wconf 86' lang='lat' dir='ltr'>dicat:</span> 
     </span>
     <span class='ocr_line' id='line_1_29' title="bbox 467 3357 2795 3445; baseline -0.002 -16"><span class='ocrx_word' id='word_1_244' title='bbox 467 3364 719 3430; x_wconf 92' lang='lat' dir='ltr'>Tibullo</span> <span class='ocrx_word' id='word_1_245' title='bbox 768 3363 1052 3429; x_wconf 87' lang='lat' dir='ltr'>carmina</span> <span class='ocrx_word' id='word_1_246' title='bbox 1099 3364 1418 3429; x_wconf 87' lang='lat' dir='ltr'>obscoena</span> <span class='ocrx_word' id='word_1_247' title='bbox 1467 3381 1632 3445; x_wconf 86' lang='lat' dir='ltr'>quae</span> <span class='ocrx_word' id='word_1_248' title='bbox 1682 3362 2043 3443; x_wconf 83' lang='lat' dir='ltr'>composuit</span> <span class='ocrx_word' id='word_1_249' title='bbox 2088 3361 2300 3427; x_wconf 87' lang='lat' dir='ltr'>fraudi</span> <span class='ocrx_word' id='word_1_250' title='bbox 2345 3378 2475 3426; x_wconf 89' lang='lat' dir='ltr'>non</span> <span class='ocrx_word' id='word_1_251' title='bbox 2505 3357 2795 3439; x_wconf 79' lang='lat' dir='ltr'>fuerunt3</span> 
     </span>
     <span class='ocr_line' id='line_1_30' title="bbox 466 3468 2797 3555; baseline -0.003 -18"><span class='ocrx_word' id='word_1_252' title='bbox 466 3474 575 3555; x_wconf 92' lang='lat' dir='ltr'>qui</span> <span class='ocrx_word' id='word_1_253' title='bbox 621 3491 751 3539; x_wconf 92' lang='lat' dir='ltr'>non</span> <span class='ocrx_word' id='word_1_254' title='bbox 797 3472 986 3536; x_wconf 93' lang='lat' dir='ltr'>modo</span> <span class='ocrx_word' id='word_1_255' title='bbox 1032 3489 1201 3535; x_wconf 91' lang='lat' dir='ltr'>nunc</span> <span class='ocrx_word' id='word_1_256' title='bbox 1244 3471 1506 3552; x_wconf 87' lang='lat' dir='ltr'>legitur,</span> <span class='ocrx_word' id='word_1_257' title='bbox 1558 3471 1749 3534; x_wconf 90' lang='lat' dir='ltr'>immo</span> <span class='ocrx_word' id='word_1_258' title='bbox 1794 3470 2012 3552; x_wconf 89' lang='lat' dir='ltr'>placet</span> <span class='ocrx_word' id='word_1_259' title='bbox 2058 3470 2169 3553; x_wconf 86' lang='lat' dir='ltr'>(sc.</span> <span class='ocrx_word' id='word_1_260' title='bbox 2205 3488 2347 3534; x_wconf 92' lang='lat' dir='ltr'>cum</span> <span class='ocrx_word' id='word_1_261' title='bbox 2378 3487 2496 3549; x_wconf 85' lang='lat' dir='ltr'>ego</span> <span class='ocrx_word' id='word_1_262' title='bbox 2531 3468 2797 3550; x_wconf 89' lang='lat' dir='ltr'>quinon</span> 
     </span>
     <span class='ocr_line' id='line_1_31' title="bbox 466 3576 2796 3662; baseline -0.002 -17"><span class='ocrx_word' id='word_1_263' title='bbox 466 3580 760 3662; x_wconf 87' lang='lat' dir='ltr'>turpiora</span> <span class='ocrx_word' id='word_1_264' title='bbox 825 3578 1250 3645; x_wconf 88' lang='lat' dir='ltr'>commiserim</span> <span class='ocrx_word' id='word_1_265' title='bbox 1317 3578 1643 3660; x_wconf 87' lang='lat' dir='ltr'>relegatus</span> <span class='ocrx_word' id='word_1_266' title='bbox 1700 3577 1841 3661; x_wconf 90' lang='lat' dir='ltr'>sim)</span> <span class='ocrx_word' id='word_1_267' title='bbox 1910 3578 2021 3642; x_wconf 92' lang='lat' dir='ltr'>sed</span> <span class='ocrx_word' id='word_1_268' title='bbox 2070 3578 2293 3657; x_wconf 86' lang='lat' dir='ltr'>etiam,</span> <span class='ocrx_word' id='word_1_269' title='bbox 2351 3576 2524 3658; x_wconf 92' lang='lat' dir='ltr'>quod</span> <span class='ocrx_word' id='word_1_270' title='bbox 2570 3577 2796 3655; x_wconf 79' lang='lat' dir='ltr'>maiuS‚</span> 
     </span>
    </p>
   </div>
   <div class='ocr_carea' id='block_1_3' title="bbox 464 3726 890 3734">
    <p class='ocr_par' dir='ltr' id='par_1_4' title="bbox 464 3726 890 3734">
     <span class='ocr_line' id='line_1_32' title="bbox 464 3726 890 3734; baseline 0 0"><span class='ocrx_word' id='word_1_271' title='bbox 464 3726 890 3734; x_wconf 95' lang='lat' dir='ltr'> </span> 
     </span>
    </p>
   </div>
   <div class='ocr_carea' id='block_1_4' title="bbox 613 3786 2799 4218">
    <p class='ocr_par' dir='ltr' id='par_1_5' title="bbox 613 3786 2799 4218">
     <span class='ocr_line' id='line_1_33' title="bbox 613 3786 2799 3862; baseline -0.004 -16"><span class='ocrx_word' id='word_1_272' title='bbox 613 3792 658 3862; x_wconf 90' lang='lat'>1)</span> <span class='ocrx_word' id='word_1_273' title='bbox 693 3793 812 3846; x_wconf 90' lang='lat' dir='ltr'>Hoc</span> <span class='ocrx_word' id='word_1_274' title='bbox 828 3793 946 3861; x_wconf 88' lang='lat' dir='ltr'>ipse</span> <span class='ocrx_word' id='word_1_275' title='bbox 967 3791 1105 3844; x_wconf 84' lang='lat' dir='ltr'>dicit</span> <span class='ocrx_word' id='word_1_276' title='bbox 1122 3791 1286 3859; x_wconf 85' lang='lat' dir='ltr'>poeta</span> <span class='ocrx_word' id='word_1_277' title='bbox 1305 3788 1644 3859; x_wconf 81' lang='lat' dir='ltr'>alterumque</span> <span class='ocrx_word' id='word_1_278' title='bbox 1664 3792 1751 3843; x_wconf 82' lang='lat' dir='ltr'>sat</span> <span class='ocrx_word' id='word_1_279' title='bbox 1769 3788 1997 3843; x_wconf 86' lang='lat' dir='ltr'>obscure</span> <span class='ocrx_word' id='word_1_280' title='bbox 2008 3788 2179 3843; x_wconf 79' lang='lat' dir='ltr'>adicit</span> <span class='ocrx_word' id='word_1_281' title='bbox 2194 3788 2395 3841; x_wconf 86' lang='lat' dir='ltr'>crimen</span> <span class='ocrx_word' id='word_1_282' title='bbox 2404 3788 2507 3855; x_wconf 84' lang='lat' dir='ltr'>(vv.</span> <span class='ocrx_word' id='word_1_283' title='bbox 2523 3787 2625 3842; x_wconf 79' lang='lat'>207</span> <span class='ocrx_word' id='word_1_284' title='bbox 2637 3786 2799 3855; x_wconf 88' lang='lat' dir='ltr'>sqq.):</span> 
     </span>
     <span class='ocr_line' id='line_1_34' title="bbox 894 3880 2349 3947; baseline -0.003 -15"><span class='ocrx_word' id='word_1_285' title='bbox 894 3882 1208 3947; x_wconf 79' lang='lat' dir='ltr'>perdiderint</span> <span class='ocrx_word' id='word_1_286' title='bbox 1243 3898 1346 3931; x_wconf 81' lang='lat' dir='ltr'>cum</span> <span class='ocrx_word' id='word_1_287' title='bbox 1383 3898 1456 3931; x_wconf 86' lang='lat' dir='ltr'>me</span> <span class='ocrx_word' id='word_1_288' title='bbox 1493 3880 1588 3931; x_wconf 83' lang='lat' dir='ltr'>duo</span> <span class='ocrx_word' id='word_1_289' title='bbox 1627 3880 1851 3943; x_wconf 82' lang='lat' dir='ltr'>crimina,</span> <span class='ocrx_word' id='word_1_290' title='bbox 1889 3896 2081 3931; x_wconf 83' lang='lat' dir='ltr'>carmen</span> <span class='ocrx_word' id='word_1_291' title='bbox 2118 3889 2163 3929; x_wconf 80' lang='lat' dir='ltr'>et</span> <span class='ocrx_word' id='word_1_292' title='bbox 2199 3896 2349 3941; x_wconf 87' lang='lat' dir='ltr'>error,</span> 
     </span>
     <span class='ocr_line' id='line_1_35' title="bbox 997 3969 1948 4038; baseline -0.001 -16"><span class='ocrx_word' id='word_1_293' title='bbox 997 3972 1200 4025; x_wconf 81' lang='lat' dir='ltr'>alterius</span> <span class='ocrx_word' id='word_1_294' title='bbox 1218 3972 1365 4038; x_wconf 84' lang='lat' dir='ltr'>sacti</span> <span class='ocrx_word' id='word_1_295' title='bbox 1396 3971 1544 4037; x_wconf 84' lang='lat' dir='ltr'>culpa</span> <span class='ocrx_word' id='word_1_296' title='bbox 1578 3970 1773 4022; x_wconf 77' lang='lat' dir='ltr'>silenda</span> <span class='ocrx_word' id='word_1_297' title='bbox 1808 3969 1948 4021; x_wconf 74' lang='lat' dir='ltr'>mihi:</span> 
     </span>
     <span class='ocr_line' id='line_1_36' title="bbox 893 4055 2421 4124; baseline -0.005 -11"><span class='ocrx_word' id='word_1_298' title='bbox 893 4080 1006 4114; x_wconf 83' lang='lat' dir='ltr'>nam</span> <span class='ocrx_word' id='word_1_299' title='bbox 1044 4080 1138 4113; x_wconf 80' lang='lat' dir='ltr'>non</span> <span class='ocrx_word' id='word_1_300' title='bbox 1175 4080 1278 4113; x_wconf 78' lang='lat' dir='ltr'>sum</span> <span class='ocrx_word' id='word_1_301' title='bbox 1315 4061 1457 4124; x_wconf 79' lang='lat' dir='ltr'>tanti,</span> <span class='ocrx_word' id='word_1_302' title='bbox 1496 4078 1714 4111; x_wconf 83' lang='lat' dir='ltr'>renovem</span> <span class='ocrx_word' id='word_1_303' title='bbox 1752 4069 1803 4109; x_wconf 79' lang='lat' dir='ltr'>ut</span> <span class='ocrx_word' id='word_1_304' title='bbox 1841 4069 1927 4109; x_wconf 81' lang='lat' dir='ltr'>tua</span> <span class='ocrx_word' id='word_1_305' title='bbox 1962 4058 2179 4119; x_wconf 83' lang='lat' dir='ltr'>vulnera,</span> <span class='ocrx_word' id='word_1_306' title='bbox 2220 4055 2421 4118; x_wconf 78' lang='lat' dir='ltr'>Caesar,</span> 
     </span>
     <span class='ocr_line' id='line_1_37' title="bbox 1001 4148 2067 4218; baseline -0.006 -15"><span class='ocrx_word' id='word_1_307' title='bbox 1001 4170 1136 4218; x_wconf 82' lang='lat' dir='ltr'>quem</span> <span class='ocrx_word' id='word_1_308' title='bbox 1173 4151 1321 4202; x_wconf 81' lang='lat' dir='ltr'>nimio</span> <span class='ocrx_word' id='word_1_309' title='bbox 1355 4153 1470 4216; x_wconf 79' lang='lat' dir='ltr'>plus</span> <span class='ocrx_word' id='word_1_310' title='bbox 1502 4161 1575 4203; x_wconf 79' lang='lat' dir='ltr'>est</span> <span class='ocrx_word' id='word_1_311' title='bbox 1610 4148 1876 4200; x_wconf 61' lang='lat' dir='ltr'>indoluisse</span> <span class='ocrx_word' id='word_1_312' title='bbox 1911 4150 2067 4199; x_wconf 80' lang='lat' dir='ltr'>semel.</span> 
     </span>
    </p>
   </div>
   <div class='ocr_carea' id='block_1_5' title="bbox 612 4241 1130 4311">
    <p class='ocr_par' dir='ltr' id='par_1_6' title="bbox 612 4241 1130 4311">
     <span class='ocr_line' id='line_1_38' title="bbox 612 4241 1130 4311; baseline -0.006 -15"><span class='ocrx_word' id='word_1_313' title='bbox 612 4242 660 4311; x_wconf 72' lang='lat'>2)</span> <span class='ocrx_word' id='word_1_314' title='bbox 697 4242 764 4296; x_wconf 87' lang='lat' dir='ltr'>cf.</span> <span class='ocrx_word' id='word_1_315' title='bbox 803 4258 885 4296; x_wconf 84' lang='lat' dir='ltr'>vv.</span> <span class='ocrx_word' id='word_1_316' title='bbox 907 4241 1130 4310; x_wconf 59' lang='lat' dir='ltr'>*239s40.</span> 
     </span>
    </p>
   </div>
   <div class='ocr_carea' id='block_1_6' title="bbox 3041 4426 3048 4999">
    <p class='ocr_par' dir='ltr' id='par_1_7' title="bbox 3041 4426 3048 4999">
     <span class='ocr_line' id='line_1_39' title="bbox 3041 4426 3048 4999; baseline 0 0"><span class='ocrx_word' id='word_1_317' title='bbox 3041 4426 3048 4999; x_wconf 95' lang='lat' dir='ltr'> </span> 
     </span>
    </p>
   </div>
  </div>
 </body>
</html>
