3075 5100
2474 347 2559 411 25

199 523 436 606 elegiis
488 522 981 603 Alexandriam,
1033 540 1303 604 quorum
1338 522 1616 605 vestigia
1670 523 1735 586 in
1788 523 2022 588 ceteris
2070 542 2199 588 non
2251 523 2557 607 extant1),

197 630 537 695 imitatum
605 646 778 707 esse;
839 629 1254 694 verisimilius
1312 630 1514 712 igitur
1570 647 1683 694 eas
1740 633 1973 710 poetae
2033 630 2304 696 discenti
2368 649 2560 711 quam

201 737 384 802 omni
433 754 514 800 ex
561 741 749 817 parte
795 734 1085 816 perfecto
1133 736 1354 802 tribui.
1433 736 1722 802 Hillerus
1770 743 1985 801 autem
2032 737 2129 802 vir
2176 736 2561 802 humanissi-

199 862 352 908 mus
401 843 514 924 qui
563 847 760 924 negat
792 843 863 924 (l.
897 843 936 907 l.
963 863 1033 924 p.
1073 845 1229 928 816)
1267 861 1345 908 ex
1375 843 1496 907 hac
1529 862 1601 908 re
1646 843 2075 925 probabiliter
2124 862 2346 908 ansam
2394 845 2561 910 sumi

203 951 294 1016 ad
341 950 628 1038 Marathi
663 949 908 1032 elegias
940 954 1119 1014 ante
1155 950 1380 1015 Deliae
1410 951 1745 1030 ponendas
1780 955 1845 1014 et
1880 953 2100 1016 monet
2130 949 2561 1015 imitationem

203 1056 800 1123 Alexandrinorum
859 1056 926 1121 in
982 1055 1124 1137 ipso
1175 1075 1225 1121 c.
1264 1055 1384 1121 VII
1439 1055 1667 1136 elegiis
1722 1055 1951 1120 Deliae
2011 1056 2373 1136 posteriore
2432 1042 2561 1138 legi

210 1201 292 1210 —
331 1181 486 1227 nam
517 1164 716 1228 verba
747 1162 1172 1248 „Memphiten
1210 1163 1516 1248 planyew
1556 1163 1738 1225 docta
1770 1163 2021 1225 bovem“
2056 1162 2141 1243 (v.
2180 1162 2291 1245 28)
2327 1161 2562 1227 hausta

205 1289 360 1337 esse
419 1289 499 1333 ex
557 1267 932 1334 Callimachi
989 1267 1173 1351 frgm.
1227 1271 1380 1334 176:
1449 1267 1749 1348 „rldvtav
1805 1265 2043 1352 φάλιον
2096 1268 2339 1352 ταῦρον
2395 1265 2559 1351 ἰηλε-

203 1378 452 1460 μίσαι“
518 1411 588 1422 --
655 1393 884 1440 vereor
939 1394 1092 1439 num
1147 1380 1324 1441 recte
1385 1373 1742 1454 collegerit.
1862 1373 2154 1456 Namque
2218 1375 2274 1439 si
2330 1391 2561 1455 reapse

206 1483 512 1548 Tibullus
559 1482 620 1548 h.
656 1482 699 1545 l.
737 1480 1198 1546 Callimachum
1245 1481 1383 1546 sive
1431 1480 1699 1544 consilio
1756 1479 1891 1544 sive
1952 1498 2104 1546 casu
2154 1485 2413 1546 secutus
2460 1487 2563 1547 est

205 1591 448 1656 hocine
495 1607 626 1654 non
673 1588 802 1653 iam
849 1587 1086 1669 probat
1118 1587 1184 1652 id
1220 1605 1480 1652 carmen
1511 1590 1807 1668 tempore
1854 1587 1936 1651 ad
1984 1585 2269 1651 Marathi
2320 1586 2563 1668 elegias

203 1696 485 1780 propius
530 1696 844 1761 accedere
888 1694 1278 1775 praesertim
1327 1694 1382 1758 si
1431 1693 1701 1775 respicis
1735 1693 2054 1758 Tibullum
2104 1695 2186 1759 ad
2234 1693 2355 1759 hoc
2395 1712 2563 1759 com-

203 1803 584 1886 ponendum
631 1821 756 1866 uon
807 1800 1013 1883 ipsius
1061 1800 1256 1866 rebus
1313 1801 1559 1864 intimis
1592 1805 1859 1866 ‘motum
1916 1819 2061 1866 esse
2119 1800 2231 1866 sed
2288 1798 2561 1866 fautoris

206 1912 322 1976 die
369 1909 601 1991 natali,
652 1927 840 1990 quem
893 1906 1316 1990 grandiloquo
1365 1912 1440 1972 ut
1485 1907 1690 1972 dicam
1740 1908 1929 1973 modo
1990 1907 2276 1972 celebrat
2322 1908 2433 1988 qui
2482 1908 2562 1972 ab

205 2018 424 2099 ipsius
481 2015 805 2080 scribendi
860 2019 1097 2079 natura
1153 2014 1494 2079 admodum
1562 2013 1809 2078 alienus
1870 2012 2050 2088 est').
2153 2014 2364 2095 Atque
2420 2034 2561 2078 cum

209 2127 673 2204 argumentum
743 2141 888 2186 eum
953 2125 1243 2188 moveret
1317 2125 1394 2186 ut
1458 2121 1845 2204 Aegypt-um,
1917 2119 2029 2185 ubi
2075 2120 2383 2186 Messalla
2455 2139 2561 2185 res

213 2234 538 2311 gesserat,
589 2228 956 2293 luculenter
1001 2228 1362 2293 illustraret
1409 2227 1663 2292 facilius
1718 2225 1861 2291 fieri
1908 2230 2121 2308 potuit
2165 2232 2241 2292 ut
2288 2226 2563 2292 Alexan-

214 2336 390 2402 drini
440 2338 674 2416 poetae
721 2335 965 2417 aliquid
1017 2336 1284 2400 carmini
1332 2353 1447 2402 suo
1505 2335 1841 2401 insereret.
1949 2335 2129 2412 Quod
2188 2335 2390 2416 igitur
2446 2335 2561 2399 im-

210 2444 588 2526 pedimento
647 2463 772 2508 non
832 2448 931 2509 est
992 2445 1144 2526 quin
1215 2444 1436 2510 multis
1507 2444 1693 2508 annis
1760 2446 1909 2524 post
1978 2441 2221 2522 elegias
2279 2442 2561 2507 Marathi

211 2552 645 2634 compositum
717 2570 858 2617 esse
931 2568 1189 2618 carmen
1259 2571 1604 2617 sumamus.
1724 2551 1861 2629 Quo
1924 2567 2029 2615 res
2092 2568 2347 2631 quoque
2404 2550 2561 2614 mihi

210 2665 517 2741 spectare
565 2659 885 2724 videntur.
988 2660 1245 2725 Etenim
1293 2661 1466 2742 quod
1511 2659 1809 2741 plerique
1866 2655 2137 2722 credunt
2198 2656 2563 2729 „Tibullum

212 2768 303 2831 ad
349 2767 460 2830 hos
489 2766 763 2852 frivolos
812 2767 984 2831 lusus
1018 2779 1168 2852 post
1213 2768 1439 2831 Deliae
1487 2790 1761 2831 amorem
1810 2788 1948 2828 cum
1992 2774 2238 2826 vacaret
2284 2763 2563 2827 meliori-

211 2874 328 2936 bus
377 2874 650 2937 sensibus
697 2896 807 2937 nec
848 2873 1126 2959 puellam
1171 2874 1416 2939 haberet
1461 2874 1735 2938 delatum
1793 2868 2027 2948 esse“³)
2076 2870 2233 2934 mihi
2282 2870 2559 2952 quidem,

211 2998 606 3063 quamquam
655 2980 849 3045 certis
881 2982 1092 3046 causis
1138 2997 1257 3045 nec
1303 2979 1561 3045 defendi
1592 2998 1710 3043 nec
1742 2976 2013 3045 refutari
2061 2980 2297 3058 potest,
2345 2995 2462 3057 per
2492 2996 2563 3042 se

211 3088 509 3167 ineptum
555 3087 829 3157 videtur.
921 3087 1007 3153 Et
1055 3087 1388 3153 credamus
1438 3086 1761 3152 Tibullum
1810 3104 1949 3150 cum
1999 3103 2047 3149 c.
2084 3084 2143 3149 X
2191 3083 2563 3149 amoenissi-

213 3212 392 3257 mum
452 3199 519 3259 et
580 3194 806 3259 Deliae
862 3195 1106 3277 elegias
1165 3194 1446 3276 quinque
1503 3213 1733 3259 suaves
1796 3191 2177 3258 confecisset
2236 3196 2373 3255 tum
2430 3191 2563 3255 sive

213 3305 371 3365 ante
443 3301 576 3366 sive
647 3307 796 3382 post
872 3321 924 3366 c.
972 3302 1092 3369 VII
1154 3302 1388 3365 librum
1460 3320 1518 3365 a.
1565 3297 1811 3387 727l27
1888 3298 2264 3381 priusquam
2342 3298 2565 3363 ederet

215 3406 506 3471 Marathi
554 3406 777 3489 elegiis
827 3414 1155 3491 tamquam
1189 3409 1658 3474 cumulavisse‘?
1738 3406 1908 3484 Quas
1943 3423 2326 3486 quamquam
2375 3423 2561 3469 nemo

215 3517 419 3595 negat
466 3514 704 3579 Tibulli
760 3516 1041 3581 animum
1100 3514 1352 3597 spirare
1410 3516 1628 3596 potius
1688 3513 2070 3580 crediderim
2128 3512 2257 3576 iam
2313 3512 2563 3592 pridem

363 3741 412 3811 1)
447 3740 744 3811 Perperam
783 3743 994 3796 iudicat
1030 3742 1332 3796 Hankelius
1367 3742 1426 3813 (l.
1455 3741 1538 3811 1.):
1580 3746 1693 3805 „als
1729 3745 1787 3793 ob
1824 3742 1955 3792 nicht
1992 3740 2089 3790 alle
2125 3739 2356 3805 Eleyieen
2395 3738 2479 3791 des
2515 3740 2561 3790 1.

215 3831 416 3881 Buckes
454 3832 652 3902 darauf
682 3833 957 3896 hinwiesen,
997 3833 1115 3900 dass
1155 3833 1318 3886 Tibull
1355 3832 1436 3884 die
1469 3832 1845 3884 Alexandr-iuer
1864 3829 2062 3895 fleissiq
2098 3827 2305 3878 studiert
2342 3827 2479 3876 hat.“

361 3916 409 3985 ²)
441 3918 570 3973 Non
607 3920 792 3989 inepte
840 3920 1050 3974 iudicat
1087 3919 1200 3972 Leo
1245 3918 1304 3988 (1.
1332 3918 1367 3975 1.
1394 3935 1443 3987 p.
1473 3919 1593 3987 46):
1643 3919 1778 3981 „Wo
1827 3938 1879 3970 er
1920 3918 2103 3985 yelehrt
2149 3917 2292 3983 wird,
2340 3916 2410 3966 da
2459 3916 2566 3965 tritt

216 4028 276 4061 er
311 4026 405 4059 aas
447 4010 626 4060 seinem
675 4010 854 4061 Kreise
899 4010 1002 4061 und
1045 4010 1208 4061 mackt
1253 4010 1332 4060 ein
1377 4009 1623 4059 lto'lzernes
1672 4008 1879 4061 Gedicht
1926 4007 2015 4057 wie
2060 4005 2156 4056 das
2200 4023 2259 4053 zu
2296 4004 2565 4055 Messallae

221 4097 596 4161 Geburtstaqefl
671 4097 828 4162 Quod
865 4100 1047 4151 tamen
1084 4112 1194 4151 non
1232 4098 1312 4150 ita
1349 4097 1562 4165 accipio
1600 4099 1663 4149 ut
1710 4096 1925 4150 credam
1966 4126 2030 4137 -
2071 4094 2133 4145 ut
2171 4091 2469 4145 Teuffelius
2510 4094 2565 4144 et

216 4185 520 4239 Hankelius
560 4216 624 4227 —·
665 4201 882 4240 carmen
921 4202 1043 4239 cum
1081 4186 1347 4241 vilissimo
1385 4187 1717 4256 panegyrico
1754 4201 1915 4254 posse
1954 4181 2273 4252 comparari.

363 4272 410 4343 3)
446 4273 597 4329 Haec
635 4276 766 4329 sunt
800 4275 1022 4330 Disseni
1058 4274 1120 4347 (1.
1147 4275 1184 4329 l.
1209 4292 1262 4345 p.
1289 4274 1432 4343 XX).
