3075 5100
430 322 516 384 70

430 501 656 578 cerpta
715 495 831 562 illa
885 494 1197 575 fecerunt,
1257 493 1572 576 Lygdami
1640 511 1863 559 versus
1931 493 2311 560 laudabant·
2352 478 2785 560 inScribentes

433 606 545 678 „in
604 605 854 668 eodem“
912 604 952 668 i.
1005 621 1058 666 e.
1109 603 1372 666 secundo
1428 620 1557 666 11011
1615 601 1991 682 explicatur.
2096 601 2322 682 Neque
2380 602 2550 666 enim
2608 602 2785 682 quod

429 711 670 776 conicit
697 709 988 776 Hillerus
1021 708 1092 792 (l.
1125 708 1200 789 l.)
1233 708 1388 772 mihi
1421 708 1687 787 arridet,
1736 709 1865 774 iam
1903 714 2039 774 tum
2072 709 2469 792 Lygdamum
2517 713 2584 772 et
2615 727 2786 789 quae

433 823 792 899 sequuntur
837 821 1026 883 notas
1083 832 1232 880 suas
1279 813 1587 879 habuisse
1652 819 1717 880 et
1762 816 2199 899 negligentiae
2247 833 2470 879 eorum
2517 815 2629 895 qui
2678 833 2785 879 ex-

433 925 785 1006 cerpebant
858 920 1274 988 tribuendum
1345 937 1516 999 esse,
1600 921 1773 1001 quod
1842 924 1952 996 „in
2032 923 2282 986 εοάεηιιι
2369 921 2788 1002 scripsissent

431 1032 828 1116 Lygdamum
873 1029 1238 1096 laudantes.
1321 1026 1494 1104 Quos
1542 1027 1861 1110 existimo,
1913 1029 1968 1093 si
2013 1034 2235 1096 notam
2284 1029 2483 1103 „liber
2526 1029 2787 1092 tertius“

433 1140 499 1204 in
572 1156 647 1204 eo
720 1139 938 1203 codice
997 1155 1075 1201 ex
1130 1153 1256 1216 quo
1318 1133 1753 1216 excerpebant
1806 1137 2154 1219 legissent,
2225 1135 2621 1218 Lygdamum
2692 1135 2789 1200 ita

432 1245 812 1322 laudaturos
858 1242 1076 1308 fuisse.
1171 1242 1256 1306 Et
1301 1242 1774 1323 respiciendum
1835 1249 1935 1309 est
1972 1243 2152 1312 illud
2200 1245 2309 1316 „in
2358 1244 2607 1308 eodem“
2656 1260 2789 1308 non

436 1351 635 1418 semel
680 1350 784 1415 vel
829 1350 930 1415 bis
979 1367 1316 1415 occurrere
1365 1348 1479 1414 sed
1523 1348 1915 1429 quindecies,
1965 1350 2138 1432 quod
2184 1353 2483 1432 spectare
2527 1348 2790 1414 videtur

437 1459 521 1524 ad
569 1461 778 1523 certas
835 1457 1120 1522 rationes
1185 1473 1344 1537 quas
1401 1454 1500 1520 illi
1558 1456 1763 1520 secuti
1828 1462 1997 1523 sunt.
2094 1457 2216 1535 Qui
2275 1457 2446 1538 quod
2503 1473 2793 1538 panegy-

438 1567 641 1632 ricum
705 1565 918 1646 ipsum
971 1562 1327 1628 laudabant
1389 1563 1496 1636 „in
1551 1566 1933 1648 panegyrico
1988 1565 2365 1630 Messallae“
2426 1561 2791 1643 explicatur

441 1692 518 1738 ex
567 1690 662 1751 ee,
713 1670 882 1752 quod
929 1670 1034 1736 hic
1080 1670 1208 1734 iam
1239 1669 1491 1750 pridem
1523 1668 1691 1733 hanc
1723 1674 1943 1736 notam
1990 1688 2173 1736 suam
2203 1669 2504 1734 habebat.
2572 1668 2791 1750 Atque

439 1779 608 1844 hunc
637 1777 819 1842 tertii
865 1776 1022 1842 libri
1051 1793 1333 1858 unquam
1366 1775 1625 1841 initium
1672 1775 1877 1842 fuisse
1904 1777 2253 1844 verisimile
2284 1795 2411 1842 non
2460 1780 2591 1841 est:
2638 1793 2791 1839 nam

444 1886 555 1968 qui
603 1885 878 1949 alteram
925 1883 1104 1948 illam
1137 1883 1488 1948 editionem
1517 1883 1775 1964 paravit
1822 1901 1949 1948 non
1982 1883 2211 1948 habuit
2242 1888 2436 1963 certe,
2486 1882 2657 1964 quod
2707 1881 2791 1946 ab

444 1992 538 2056 eis
585 2008 750 2072 quae
799 1990 1268 2056 antecedebant
1314 1989 1541 2070 elegiis
1588 1989 1710 2054 hoc
1760 2007 2012 2054 carmen
2062 1995 2457 2072 segregaret.

617 2097 1086 2178 Excerptorum
1118 2097 1318 2179 igitur
1365 2093 1492 2160 fide
1540 2114 1683 2160 cum
1724 2096 2027 2177 nitamur,
2060 2115 2445 2178 persuasum
2477 2095 2793 2160 habemus

441 2204 603 2270 illud
651 2206 762 2278 „in
810 2205 1062 2268 eodem“
1113 2203 1318 2266 errori
1363 2220 1494 2267 non
1540 2206 1718 2266 recte
1766 2202 1964 2268 tribui
2014 2208 2081 2268 et
2112 2202 2455 2268 conicimus
2503 2202 2569 2266 in
2618 2201 2796 2266 codi-

444 2297 650 2391 cibus,
695 2311 805 2392 qui
837 2308 1232 2376 recentiores
1265 2313 1435 2388 sunt,
1485 2307 1618 2374 illis
1648 2313 1871 2374 notam
1920 2327 2059 2374 eam
2108 2326 2273 2390 quae
2303 2309 2545 2390 legitur
2592 2309 2797 2381 „liber

441 2418 696 2481 tertius⁶‘
757 2435 884 2480 non
940 2415 1145 2480 veteri
1190 2415 1526 2480 traditioni
1586 2415 1826 2496 deberi,
1885 2416 1999 2482 sed
2066 2415 2245 2501 (XIV
2303 2414 2441 2480 fere
2504 2413 2791 2500 saeculo)

443 2523 820 2605 inscriptam
893 2540 1036 2589 esse
1083 2541 1121 2587 a
1176 2521 1442 2588 librario
1500 2523 1630 2604 qui,
1692 2509 2061 2605 intelligens
2120 2523 2187 2587 in
2247 2523 2457 2605 elegia
2516 2521 2794 2597 „Martis

443 2632 719 2696 Romani
781 2631 975 2713 festae
1027 2652 1241 2695 venere
1297 2630 1597 2695 kalendae
1650 2639 1831 2716 23qu⁴
1891 2635 1957 2696 et
2014 2631 2429 2713 sequentibus
2498 2631 2577 2695 de
2644 2648 2794 2695 con-

447 2737 804 2804 dicionibus
831 2744 1116 2818 'prorsus
1164 2734 1308 2799 aliis
1357 2737 1463 2819 agi
1496 2742 1691 2818 atque
1738 2736 1805 2802 in
1854 2734 1947 2802 eis
1996 2754 2162 2817 quae
2194 2736 2663 2802 antecedebant
2710 2737 2795 2801 ad

447 2844 772 2909 Nemesim
822 2846 1212 2925 spectantes,
1259 2842 1381 2907 hoc
1425 2843 1568 2907 loco
1616 2843 1875 2925 gravius
1920 2844 2327 2909 incidendum
2376 2844 2623 2909 curavit
2667 2843 2796 2907 ita-

449 2970 592 3033 que,
642 2968 1029 3032 quamquam
1075 2951 1216 3030 ipse
1261 2967 1390 3013 non
1421 2948 1863 3031 perspiciebat
1908 2948 2069 3015 haec
2101 2950 2387 3016 carmina
2434 2950 2599 3015 alius
2651 2968 2796 3015 esse

447 3061 700 3139 poetae,
749 3056 917 3120 viam
965 3060 1181 3119 tamen
1239 3056 1480 3120 inscius
1530 3055 1675 3121 aliis
1722 3056 2127 3123 monstravit.
2223 3057 2359 3135 Quo
2408 3056 2484 3122 fit
2528 3062 2603 3121 ut
2653 3062 2793 3122 tres

447 3162 599 3228 libri
644 3163 710 3225 in
760 3161 1086 3227 codicibus
1130 3162 1506 3227 melioribus
1536 3164 1909 3242 tradantur;
1960 3163 2197 3229 etenim
2247 3164 2445 3237 „liber
2491 3173 2794 3249 quartu&

451 3288 639 3352 quem
685 3285 915 3333 vocare
964 3268 1263 3349 solem11S,
1311 3273 1480 3335 teste
1527 3269 1704 3335 nullo
1747 3270 1978 3336 nititur
2024 3270 2150 3335 nisi
2200 3289 2295 3345 eo,
2347 3272 2457 3352 qui
2503 3272 2621 3335 XV
2656 3290 2797 3336 sae-

451 3376 591 3443 culo
639 3376 874 3441 iterum
923 3376 1119 3457 (inter
1165 3375 1474 3459 Lygdami
1523 3377 1765 3460 elegias
1822 3382 1888 3444 et
1932 3378 2393 3460 panegyricum
2445 3378 2795 3443 Messallae

453 3640 752 3695 secundum
806 3639 1106 3709 appendice
1153 3639 1252 3693 illa
1295 3639 1515 3695 informi
1570 3645 1779 3695 auctos,
1871 3641 2129 3696 Ceterum
2184 3658 2253 3695 ne
2311 3646 2518 3696 certum
2576 3644 2798 3712 quidem

451 3728 587 3783 mihi
623 3728 842 3781 videtur
879 3744 1018 3795 esse,
1059 3728 1206 3798 quod
1231 3728 1570 3797 exploratum
1593 3730 1798 3784 habent
1834 3748 1957 3784 cum
1982 3731 2223 3800 Hauptio
2249 3731 2514 3801 plerique,
2554 3748 2677 3785 eum
2704 3734 2798 3802 qui

455 3818 764 3887 catalogum
808 3818 951 3871 hunc
999 3818 1238 3871 confecit
1273 3816 1510 3887 plures
1549 3819 1719 3874 libros
1764 3821 2084 3889 respexisse.
2180 3820 2383 3873 Scribit
2420 3820 2586 3873 enim:
2646 3822 2802 3884 „Albi

462 3908 647 3961 Tibulli
699 3908 780 3962 lib.
821 3908 898 3959 ΙΙ.
1001 3906 1182 3975 Atque
1237 3922 1346 3959 non
1403 3907 1795 3975 negligendum
1848 3909 2069 3961 videtur
2124 3924 2246 3961 eum
2306 3909 2353 3961 si
2398 3908 2581 3977 plures
2626 3908 2795 3962 libros

455 3995 748 4064 significat,
785 3996 1124 4065 perscribere
1165 3996 1365 4059 ‚‚libri“.
1430 3996 1714 4065 Spectavit
1747 3998 1920 4065 igitur
1946 3997 2178 4051 fortasse
2215 4014 2325 4051 non
2350 3998 2419 4051 ad
2457 3997 2593 4050 duos
2629 3996 2798 4052 libros

455 4086 551 4141 sed
607 4085 678 4138 ad
732 4101 900 4139 unum
956 4084 1269 4139 secundum.
1362 4084 1541 4149 Quare
1597 4103 1707 4139 non
1760 4090 1969 4140 rectum
2027 4090 2113 4139 est
2150 4118 2215 4127 —
2256 4087 2451 4153 opinor
2488 4116 2555 4125 —-
2595 4102 2661 4139 ex
2696 4086 2798 4139 hac

456 4176 962 4229 commemoratione
1019 4174 1299 4243 colligere,
1359 4191 1501 4227 nono
1558 4174 1775 4228 saeculo
1832 4176 1947 4229 sive
2003 4176 2139 4229 duos
2194 4176 2570 4229 tantummodo
2627 4176 2797 4229 libros

458 4265 704 4319 extitisse
745 4264 858 4319 sive
895 4264 1170 4333 integrum
1207 4262 1311 4317 hoc
1351 4263 1624 4332 exemplar
1660 4281 1767 4319 non
1806 4264 1992 4318 fuisse.
