3075 5100
505 323 588 387 88

551 503 608 565 7.

514 1674 611 1736 10.

513 2099 612 2163 11.

514 2526 612 2592 12.

660 500 817 566 Sall.
847 499 996 565 hist.
1034 518 1126 564 or.
1163 498 1330 566 Cott.
1370 501 1407 562 9
1458 519 1622 582 quae
1668 501 1735 564 in
1783 501 2098 567 Vaticano
2147 500 2367 585 (3864)
2413 503 2749 583 leguntur:

822 630 1015 693 neque
1046 629 1190 670 moa·
1218 608 1513 692 inqenio
1562 608 1901 693 corporis
1930 609 2239 674 honestius
2280 631 2469 695 quam
2488 631 2616 693 pro
2648 621 2856 672 veetra

661 714 853 778 salute
879 716 1083 802 finem
1127 713 1286 778 vitae
1315 714 1581 800 fecerim
1626 733 1765 796 sqq.

662 825 884 902 aptum
930 838 1187 886 sensum
1232 819 1567 902 praebent.

598 979 612 993 .
661 926 820 992 Hor.
857 945 1048 992 carm.
1081 926 1196 1007 111,
1248 927 1331 991 25
1377 946 1437 993 v.
1472 929 1546 990 9:

967 1056 1048 1098 eat
1127 1035 1406 1098 somnis
1455 1044 1652 1118 stupet
1697 1032 1944 1096 Euhias

665 1159 742 1204 ex
791 1140 1074 1204 codicum
1129 1141 1408 1205 lectione
1466 1140 1820 1220 depravata
1875 1142 2241 1204 eoesomnis
2298 1141 2625 1207 Vahlenus
2682 1141 2855 1206 bene

663 1246 971 1311 restituit.
1067 1246 1364 1327 Plerique
1412 1245 1777 1312 Bentleium
1825 1248 2032 1312 secuti
2080 1248 2377 1312 Edonis
2424 1247 2851 1330 scripserunt.

598 1402 613 1417 .
665 1352 799 1417 Tib.
831 1351 880 1431 Ι,
917 1354 977 1433 2,
1012 1372 1073 1419 v.
1106 1353 1188 1416 65
1236 1353 1423 1417 haee:

914 1461 1166 1545 ferreus
1210 1458 1314 1522 ille
1344 1457 1496 1543 fuit,
1549 1459 1658 1544 qui
1702 1470 1757 1523 te
1803 1481 1941 1522 eum
1975 1471 2187 1544 posset
2231 1460 2451 1525 habere
2498 1479 2634 1542 sqq.

661 1565 744 1630 ad
790 1566 1090 1630 maritum
1137 1565 1366 1630 Deliae
1414 1568 1730 1646 spectant.

664 1671 818 1736 ibid.
854 1691 951 1737 vv.
990 1668 1146 1757 87l8
1183 1672 1313 1736 Leo
1362 1671 1789 1752 probabiliter
1834 1672 2142 1754 legendos
2179 1691 2319 1739 esse
2351 1674 2690 1756 proposuit
2721 1675 2853 1740 ita:

930 1791 993 1842 at
1039 1791 1120 1859 tu,
1174 1779 1281 1864 qui
1315 1779 1508 1843 laetus
1545 1780 1711 1844 ‘aldes
1758 1781 1929 1844 mala
1975 1791 2204 1854 nostra,
2260 1793 2463 1845 caveto

1040 1909 1184 1949 moa·
1228 1886 1371 1949 tibi.-
1418 1909 1544 1950 ηοη
1590 1887 1667 1948 in
1713 1909 1841 1950 noe
1889 1888 2111 1952 saeviet
2156 1910 2347 1973 usque
2394 1889 2559 1951 deus.

662 1992 869 2074 Vulgo
917 1994 1049 2057 um·
1095 1994 1263 2074 quod
1297 1992 1563 2058 ¹codices
1623 1989 2000 2070 interpolati
2060 1989 2365 2054 exhibent
2418 1987 2848 2070 recipiebant.

664 2097 799 2162 Tib.
838 2098 888 2178 Ι,
946 2101 1024 2163 10
1082 2104 1230 2181 post
1277 2119 1333 2164 v.
1375 2101 1478 2178 50,
1528 2098 1612 2179 II,
1664 2100 1701 2162 3
1751 2118 1814 2179 p.
1851 2115 1949 2161 vv,
1987 2097 2072 2160 34
2121 2101 2188 2160 et
2236 2098 2319 2161 58
2366 2096 2637 2160 lacunae
2684 2114 2853 2177 quas

661 2203 954 2286 plerique
1024 2206 1520 2288 suspicabantur
1589 2223 1717 2270 non
1788 2207 2028 2268 extant.
2153 2202 2371 2267 Tertio
2442 2201 2585 2266 loco
2654 2221 2711 2268 v,
2760 2203 2849 2265 59

661 2311 948 2377 Hillerus
995 2332 1113 2394 pro
1159 2325 1359 2392 nota,
1409 2312 1580 2393 quod
1618 2310 1793 2376 'male
1822 2309 2123 2390 traditur,
2156 2332 2348 2372 vana
2380 2307 2543 2374 bene
2591 2309 2657 2373 in
2704 2313 2851 2375 tex-

663 2423 799 2482 tum
847 2420 1108 2500 recepit.

666 2524 894 2609 Cyclus
953 2524 1244 2592 Cerinthi
1303 2530 1367 2591 et
1425 2523 1748 2607 Sulpiciae
1811 2522 1973 2606 (Tib.
2006 2521 2113 2589 lib.
2150 2521 2259 2603 IV,
2311 2540 2397 2588 cc.
2444 2522 2643 2602 2—7)
2708 2540 2853 2587 ear-

663 2633 833 2697 mine
866 2632 987 2696 VII
1019 2631 1260 2712 optime
1309 2631 1660 2711 clauditur3
1710 2630 1878 2713 quod
1924 2628 2087 2695 falso
2134 2630 2255 2695 viri
2303 2630 2475 2695 docti
2518 2648 2557 2693 a
2589 2628 2849 2695 Tibullo

664 2738 1136 2805 abiudicabant.
