3075 5100
2477 357 2583 421 23.

211 531 442 613 (quam
493 549 636 596 esse
681 531 954 613 primam
1003 530 1280 596 fortasse
1329 531 1630 611 omnium,
1680 532 1960 612 priorem
2022 539 2199 598 certe
2256 535 2351 600 eis
2399 552 2563 616 quae

207 639 280 701 in
345 637 598 702 Deliam
655 639 938 720 scriptae
995 642 1148 703 sunt
1203 643 1380 704 recte
1438 638 1737 720 eredunt)
1798 640 2149 722 cogitasse:
2211 643 2450 707 etenim
2508 643 2563 707 si

211 749 374 809 ante
445 764 501 809 a.
547 743 796 829 726l28
853 746 1102 826 elegiae
1147 745 1214 808 in
1261 745 1516 808 Deliam
1577 747 1879 826 scriptae,
1930 747 2163 828 quibus
2224 749 2562 813 maximam

212 852 512 916 Tibullus
581 853 836 916 laudem
907 852 1030 916 sibi
1087 850 1470 932 peperisset,
1527 852 1745 917 editae
1802 853 1931 918 iam
1989 852 2283 935 fuissent,
2335 855 2563 922 Ovidio

207 977 348 1022 non
396 959 735 1023 dicendum
778 957 980 1023 fuisse
1024 969 1202 1021 notas
1251 969 1382 1022 erat
1437 959 1553 1022 sed
1609 959 1815 1022 clarus
1871 971 2023 1025 erat.
2134 961 2335 1038 Quam
2396 961 2562 1026 diffi-

213 1065 528 1130 cultatem
577 1083 742 1146 quae
789 1064 1046 1129 videtur
1092 1064 1451 1129 Hankelius
1507 1065 1603 1129 ita
1649 1065 1841 1145 tollit,
1900 1073 1977 1130 ut
2024 1067 2345 1132 Tibullum
2394 1087 2563 1134 anno

215 1168 472 1257 726128
519 1173 790 1253 primam
840 1190 1022 1236 suam
1070 1172 1343 1252 elegiam
1391 1170 1565 1252 (dico
1596 1171 1683 1253 X)
1732 1173 2071 1253 scripsisse
2120 1177 2365 1238 sumat:
2416 1193 2561 1240 eum

213 1279 392 1342 enim
463 1279 572 1359 qui
645 1284 710 1342 et
780 1278 1032 1359 epicum
1105 1293 1360 1341 carmen
1419 1278 1933 1361 (panegyricum)
2002 1287 2069 1344 et
2130 1280 2403 1362 elegiam
2452 1281 2562 1364 (X)

215 1385 689 1466 composuisset
735 1389 802 1449 et
855 1385 922 1448 in
980 1384 1188 1448 lucem
1245 1383 1629 1464 protulisset
1682 1403 1811 1448 non
1868 1385 2110 1449 clarum
2170 1387 2281 1452 sed
2340 1392 2559 1452 notum

214 1492 420 1557 fuisse
481 1491 956 1573 appellandum.
1076 1491 1171 1554 Ex
1230 1490 1462 1571 quibus
1519 1491 1587 1554 id
1642 1509 1839 1554 unum
1896 1491 2371 1557 concedendum
2436 1499 2557 1572 est,

215 1600 495 1680 elegiam
555 1599 613 1662 X
669 1599 942 1679 primam
965 1597 1010 1680 ¹)
1075 1615 1218 1662 esse
1277 1597 1715 1678 compositam,
1788 1617 2174 1680 quamquam
2246 1599 2325 1664 de
2394 1617 2561 1665 anno

217 1701 470 1782 726128
521 1723 600 1769 ne
649 1704 922 1784 cogitari
972 1704 1228 1785 quidem
1275 1709 1512 1784 potest.
1590 1705 1851 1770 Etenim
1898 1707 1953 1770 si
1984 1707 2105 1772 hoc
2136 1725 2393 1788 quoque
2423 1707 2561 1772 viro

214 1813 408 1877 docto
441 1811 869 1891 concedimus,
918 1815 1281 1890 temporum
1312 1811 1599 1876 rationes
1635 1831 1793 1894 quas
1827 1814 1891 1877 in
1927 1814 2153 1896 elegiis
2188 1815 2335 1877 libri
2370 1815 2563 1895 primi

214 1919 588 2000 digerendis
609 1934 874 1982 necesse
889 1924 989 1982 est
1002 1935 1346 1998 sequamur
1367 1916 1460 1997 (cf
1491 1936 1543 1982 s.
1561 1938 1623 1998 p.
1640 1919 1678 1982 8
1692 1937 1809 2000 sq.,
1831 1920 1907 1982 13
1924 1919 2049 2002 sq.)
2071 1921 2279 1986 denuo
2302 1919 2561 1986 confun-

214 2026 474 2090 duntur.
549 2025 638 2088 At
672 2024 916 2106 elegias
949 2041 1114 2105 quae
1149 2024 1214 2087 in
1250 2023 1502 2088 Deliam
1542 2026 1823 2106 scriptae
1871 2031 2022 2090 sunt
2066 2026 2166 2092 ΙΙΙ
2212 2028 2245 2091 I
2291 2027 2347 2092 V
2376 2027 2443 2090 II
2474 2028 2563 2091 VI

213 2149 440 2196 omnes
465 2129 601 2196 fere
627 2130 916 2212 (praeter
933 2128 1350 2212 V1f0rtasse)
1377 2135 1554 2195 ortas
1582 2149 1723 2196 esse
1748 2136 1899 2196 ante
1920 2151 1977 2198 a.
2008 2135 2043 2195 7
2052 2134 2135 2196 26
2143 2131 2255 2216 [28
2278 2151 2561 2213 comper-

213 2244 352 2303 tum
381 2239 436 2302 si
459 2237 770 2302 habemus
797 2241 882 2316 et,
910 2239 984 2300 ut
1007 2236 1263 2300 dubitet
1296 2237 1617 2318 quispiam
1642 2257 1795 2302 num
1826 2241 1983 2304 ordo
2016 2239 2241 2305 harum
2276 2240 2561 2322 quinque

213 2351 371 2427 apte
417 2346 512 2410 ita
559 2349 904 2417 statuatur,
940 2350 1118 2409 recte
1164 2344 1434 2409 credunt
1479 2345 1576 2408 III
1610 2365 1665 2412 a.
1702 2344 1951 2432 724130
2000 2346 2315 2429 Corcyrae
2360 2349 2559 2429 scrip-

209 2460 351 2519 tam
385 2470 548 2533 esse,
599 2453 766 2534 quod
817 2451 1174 2516 construxit
1219 2451 1316 2516 vir
1363 2452 1589 2533 doctus
1635 2471 1763 2518 non
1810 2459 1985 2518 stare
2031 2454 2100 2518 id
2144 2455 2211 2518 in
2257 2459 2561 2536 promptu

215 2566 320 2627 est
372 2598 448 2605 —
501 2566 636 2624 tum
695 2578 950 2641 quoque
1007 2560 1061 2623 si
1115 2560 1547 2624 indicaremus
1591 2560 1888 2625 Ovidium
1944 2562 2025 2626 ad
2074 2562 2329 2643 singula
2362 2581 2557 2649 quae-

213 2670 314 2733 vis
365 2668 650 2732 carmina
679 2684 970 2730 seorsum
1005 2666 1181 2730 edita
1212 2667 1536 2747 respicere
1570 2668 1874 2747 potuisse.
1954 2669 2040 2733 Et
2080 2668 2257 2733 aliud
2288 2670 2555 2735 accedit.

214 2775 375 2840 Cum
423 2774 596 2838 inter
643 2791 753 2838 eos
787 2773 896 2854 qui
931 2772 1168 2837 Tibulli
1220 2773 1609 2838 carminibus
1644 2792 1909 2855 operam
1941 2775 2186 2841 dabant
2230 2777 2360 2840 iam
2408 2794 2557 2839 con-

215 2884 428 2945 staret
457 2880 592 2945 fere
641 2881 1099 2963 panegyricum
1129 2880 1474 2945 Messallae
1507 2900 1547 2943 a
1582 2880 1837 2961 Tibulli,
1874 2883 2069 2947 etiam
2103 2882 2555 2966 adulescentis,

213 2993 360 3053 arte
418 2988 606 3069 plane
664 2988 1014 3053 abhorrere
1071 2991 1138 3052 et
1197 3007 1235 3052 a
1291 2986 1584 3053 versifice
1642 2985 1921 3069 quodam
1990 2984 2346 3051 confectum
2414 3004 2557 3053 esse

213 3095 326 3177 qui
397 3094 741 3160 Messallae
813 3094 1087 3177 gratiam
1160 3092 1504 3159 conciliare
1574 3094 1699 3159 sibi
1767 3092 2125 3172 videbatur,
2198 3092 2557 3159 Hankelius

211 3208 432 3267 tamen
479 3202 686 3266 denuo
737 3200 956 3265 dedita
1003 3218 1202 3281 opera
1249 3201 1541 3265 acumine
1590 3200 1867 3282 quodam
1916 3198 2291 3280 opusculum
2322 3199 2557 3265 vilissi-

211 3329 388 3374 mum
436 3307 780 3373 defendere
829 3314 896 3373 ct
927 3306 1178 3371 Tibullo
1227 3307 1558 3390 indignum
1607 3326 1733 3371 non
1766 3324 1909 3371 esse
1942 3306 2125 3371 novis
2156 3308 2555 3388 argumentis

210 3416 476 3481 firmare
523 3420 792 3481 conatus
843 3420 942 3480 est
990 3415 1056 3497 (1.
1093 3414 1136 3479 l.
1172 3433 1233 3495 p.
1269 3416 1351 3477 47
1387 3413 1577 3496 sqq.).
1686 3413 1869 3490 Quod
1926 3431 2119 3493 quam
2174 3432 2303 3477 non
2350 3414 2555 3477 conti-

212 3523 386 3605 gerit
433 3522 492 3587 ei
538 3526 614 3585 ut
661 3521 804 3586 aliis
859 3522 1284 3603 persuaderet
1339 3522 1414 3585 R.
1450 3517 1861 3603 Richterus²)
1924 3520 2258 3600 aptissime
2316 3519 2553 3589 docuit,

209 3632 306 3694 ita
363 3635 440 3693 ut
503 3629 606 3693 vix
670 3629 1020 3710 quidquam
1087 3628 1258 3710 quod
1314 3628 1508 3693 huius
1566 3626 1803 3693 iudicio
1862 3626 2027 3691 adici
2087 3626 2296 3706 possit
2354 3624 2551 3689 relin-

210 3742 451 3820 quatur
477 3742 542 3801 et
573 3735 733 3799 haec
764 3736 907 3815 ipsa
940 3753 1133 3800 causa
1158 3735 1318 3800 satis
1351 3734 1585 3799 idonea
1618 3735 1703 3798 sit
1735 3752 1899 3815 quae
1930 3730 2236 3797 Hankelii
2270 3732 2553 3797 rationes

207 3840 489 3907 refellat.
592 3840 817 3921 Neque
863 3858 1038 3922 vero,
1095 3845 1171 3906 ut
1226 3845 1518 3908 sumatur
1574 3840 2030 3923 panegyricum
2081 3840 2276 3903 istum
2322 3854 2553 3917 reapse

209 3949 451 4014 Tibulli
511 3966 672 4028 esse,
733 3949 904 4013 aliae
959 3968 1088 4013 non
1145 3950 1410 4014 obstant
1467 3946 1901 4013 difficultates
1999 3944 2162 4010 Nam
2213 3946 2383 4028 quod
2441 3945 2551 4009 ille

352 4179 401 4248 1)
437 4180 490 4233 si
505 4179 828 4233 *omittimus
868 4178 1072 4246 elegias
1110 4178 1372 4239 Marathi3
1413 4177 1478 4231 cf.
1507 4195 1559 4247 p.
1590 4180 1671 4232 24.

351 4268 400 4338 2)
435 4270 592 4324 Burs.
633 4268 920 4325 Jahresbb.
946 4268 998 4322 X
1035 4268 1215 4339 (1877,
1241 4268 1323 4336 II)
1357 4285 1409 4337 p.
1439 4269 1543 4323 282
1581 4284 1699 4338 sqq.
