3075 5100
481 303 566 365 30

483 478 914 558 composuerit
969 481 1035 542 et
1089 477 1362 558 primam
1418 496 1583 559 quae
1641 477 1922 559 quinque
1976 477 2177 541 libros
2223 496 2351 542 non
2400 482 2535 542 tres
2556 477 2603 561 ¹)
2654 495 2844 542 com-

482 585 888 666 plectebatur
946 585 1295 649 editionem
1351 585 1699 664 curaverit,
1771 590 2008 664 tamen,
2060 585 2117 649 si
2174 585 2474 649 carminis
2530 586 2844 648 tenorem

485 691 932 772 gravissimum
978 691 1220 755 doloris
1267 710 1524 756 sensum
1572 691 1683 773 qui
1730 693 1909 754 extat
1956 695 2022 754 et
2069 689 2410 754 verborum
2459 695 2524 755 et
2570 694 2846 754 senten-

483 799 718 862 tiarum
747 797 1379 862 vehementissimum
1411 798 1809 878 respicimus,
1847 796 2082 878 quippe
2116 796 2226 877 qui
2261 795 2469 860 adhuc
2503 797 2567 860 in
2602 815 2843 860 eorum

485 905 594 987 qui
640 904 864 986 legunt
909 904 1231 969 mentibus
1281 905 1466 986 quasi
1514 904 1773 968 aculeos
1806 905 2117 985 quosdam
2149 897 2491 985 relinquat,
2540 903 2668 966 iam
2716 921 2844 982 ap-

481 1016 672 1092 paret
700 1010 995 1075 Ovidium
1042 1012 1172 1076 tale
1203 1012 1485 1076 scribere
1513 1031 1641 1077 non
1672 1011 1963 1091 potuisse
1995 1011 2120 1076 nisi
2152 1010 2343 1092 paulo
2376 1015 2525 1092 post
2554 1014 2845 1074 mortem

487 1117 741 1191 Tibulli,
793 1138 920 1200 qua
967 1119 1254 1199 graviter
1304 1120 1442 1199 ipse
1473 1124 1686 1184 motus
1722 1124 1883 1197 erat,
1934 1138 1992 1184 a.
2030 1115 2301 1204 735119.
2379 1118 2601 1200 Neque
2636 1118 2845 1182 aliter

485 1243 821 1290 sensurum
869 1226 1280 1306 crediderim,
1331 1225 1386 1290 si
1433 1226 1577 1306 quis
1626 1226 1763 1290 sine
1811 1227 1911 1290 ira
1956 1227 2071 1291 sed
2129 1245 2269 1290 cum
2317 1226 2531 1291 studio
2581 1227 2665 1291 ad
2709 1226 2845 1289 hoc

488 1349 740 1396 carmen
766 1332 1130 1410 accesserit,
1166 1332 1336 1414 quod
1371 1337 1619 1397 ceteras
1655 1333 1958 1396 Amorum
1990 1331 2255 1412 elegias,
2279 1332 2649 1414 ingeniosas
2683 1332 2843 1396 illas

489 1439 744 1519 quidem
805 1439 916 1504 sed
972 1442 1188 1502 tamen
1248 1439 1426 1503 leves
1481 1444 1549 1502 et
1606 1440 1885 1504 lascivas
1942 1457 2070 1503 non
2118 1458 2264 1503 raro
2314 1439 2665 1504 obscoenas
2715 1457 2844 1502 sua

487 1544 628 1610 luce
684 1545 915 1608 mirum
973 1550 1282 1626 quantum
1331 1541 1652 1611 obscuret.
1746 1545 1889 1612 Hoc
1936 1547 1991 1612 si
2039 1547 2315 1627 primum
2361 1551 2655 1610 tenemus
2704 1546 2843 1609 iam

489 1652 828 1733 apparebit
874 1657 1272 1734 quantopere
1319 1653 1627 1718 iuvemur.
1724 1653 1848 1718 Sed
1898 1654 2229 1719 videamus
2274 1653 2548 1736 singula.

667 1760 968 1840 Legimus
1016 1760 1080 1823 in
1128 1760 1340 1824 medio
1389 1761 1672 1826 carmine
1718 1760 1925 1824 haec:·

758 1867 986 1930 scilicet
1032 1889 1208 1930 omne
1255 1889 1503 1930 sacrum
1548 1890 1716 1930 ‘mors
1762 1869 2125 1952 importuna
2159 1867 2488 1952 profanat,

583 1975 667 2038 20
850 1975 1136 2036 omnibus
1184 1974 1474 2038 obscuras
1520 1975 1697 2038 inicit
1741 1975 1855 2038 illa
1900 1998 2124 2038 manus
2172 1997 2304 2060 sqq.

585 2081 666 2144 25
762 2081 936 2144 adice
981 2080 1379 2160 Maeoniden,
1430 2105 1470 2144 a
1519 2103 1657 2165 quc,
1710 2105 1814 2146 ceu
1844 2083 2027 2166 fonte
2062 2082 2349 2166 perenni,

847 2198 1056 2250 vatum
1103 2187 1340 2250 Pieriis
1387 2210 1500 2250 ora
1547 2189 1835 2271 riyantur
1880 2188 2078 2274 aquis.

760 2293 919 2355 hunc
967 2315 1204 2378 quoque
1251 2316 1494 2356 summa
1542 2294 1670 2356 dies
1716 2295 1896 2378 niyro
1944 2295 2267 2358 submersit
2312 2293 2592 2358 Averno.-

849 2400 1180 2484 diffuyiunt
1227 2401 1439 2463 avidos
1487 2401 1772 2464 carmina
1819 2401 1952 2464 sola
1998 2423 2194 2485 royos.

761 2508 948 2570 durat
994 2529 1148 2591 opus
1193 2517 1433 2571 vatum:
1512 2507 1775 2571 Troiani
1803 2508 1995 2594 fama
2044 2507 2277 2572 laboris

586 2616 670 2678 30
851 2616 1154 2700 tardaque
1199 2627 1496 2679 nocturno
1544 2616 1665 2679 tela
1711 2627 1940 2679 retexta
1986 2616 2159 2679 dolo.-

763 2724 868 2785 sic
913 2721 1251 2785 Nemesis
1299 2722 1624 2806 lonqum,
1692 2722 1799 2784 sic
1842 2720 2075 2786 Delia
2121 2744 2381 2786 nomen
2427 2722 2835 2794 habebunt,

852 2828 1097 2893 altera
1144 2851 1325 2892 cura
1371 2852 1654 2909 recens,
1706 2828 1949 2892 altera
1984 2830 2283 2913 primus
2330 2852 2552 2893 amor.

674 2938 746 3001 In
802 2936 920 3001 hos
977 2954 1201 3000 versus
1257 2936 1428 3000 idem
1482 2934 1620 3001 fere
1678 2936 1851 3001 cadit
1905 2941 2101 3017 atque
2155 2938 2223 3001 in
2279 2935 2424 3000 illos
2472 2936 2553 2999 de
2601 2934 2837 3017 quibus

497 3062 694 3124 supra
740 3043 1158 3109 disseruimus
1209 3043 1589 3128 „leyiturque
1629 3044 1688 3105 Τ
1678 3043 1905 3106 ibullus
1952 3055 2006 3107 et
2040 3044 2249 3129 placet
2296 3056 2349 3108 et
2394 3044 2525 3105 iam
2556 3054 2611 3106 te
2646 3044 2838 3127 prin-

377 3214 392 3229 „
497 3153 630 3236 cipe
660 3162 837 3214 notus
869 3158 1074 3224 ωαψς
1121 3168 1269 3213 nam
1301 3169 1384 3214 ne
1415 3149 1519 3214 hic
1558 3150 1814 3233 quidem
1844 3150 1967 3214 viri
2001 3150 2172 3216 docti
2199 3170 2415 3218 veram
2449 3151 2839 3215 sententiam

495 3257 979 3337 intellexerunt,
1053 3257 1222 3339 quod
1280 3275 1405 3320 non
1465 3256 1558 3319 ita
1613 3262 1687 3320 ut
1740 3276 1859 3337 par
1908 3263 2049 3321 erat
2097 3277 2223 3339 qua
2268 3258 2521 3322 ratione
2571 3254 2836 3321 Ovidius

500 3366 580 3429 ad
620 3384 714 3429 vv.
755 3365 859 3427 31.
897 3366 980 3428 32
1015 3364 1081 3428 in
1115 3362 1347 3445 quibus
1381 3378 1627 3427 summa
1659 3364 1753 3428 rei
1779 3364 1995 3445 posita
2020 3369 2119 3430 est
2149 3364 2551 3446 pervenisset
2584 3366 2839 3445 quaesi-

497 3476 748 3536 verunt.
823 3471 999 3548 Quae
1043 3469 1214 3535 ratio
1259 3474 1333 3534 ut
1379 3468 1651 3550 patefiat
1699 3489 1920 3536 versus
1969 3471 2117 3535 inde
2164 3490 2204 3535 a
2256 3474 2335 3535 19
2385 3471 2839 3537 exscribendos

499 3596 738 3644 curavl.
783 3588 786 3591 ’

641 3861 687 3929 1)
721 3858 840 3911 Hoc
878 3860 1056 3927 ipsum
1090 3858 1301 3911 indicat
1341 3859 1675 3927 epigramma
1712 3858 1858 3926 quod
1892 3859 1951 3911 in
1988 3857 2167 3912 fronte
2206 3859 2390 3927 posuit
2426 3858 2687 3912 Ovidius:

1053 3948 1151 4007 Qui
1185 3949 1325 3999 modo
1361 3948 1585 3999 Nasonis
1604 3950 1867 4013 fueramus
1906 3949 2113 4013 quinque
2150 3948 2315 4011 libelli,

1140 4046 1234 4086 tres
1270 4056 1461 4098 sumus-‚-
1496 4038 1586 4087 hoc
1623 4037 1703 4087 illi
1730 4037 1970 4101 praetulit
2008 4046 2179 4087 auctor
2215 4056 2348 4102 opus·

1049 4136 1101 4176 ut
1137 4127 1236 4175 iam
1275 4126 1412 4179 nulla
1449 4128 1543 4176 tibi
1576 4144 1663 4177 nos
1696 4126 1759 4178 ait
1796 4126 1965 4191 leyioese
2002 4126 2243 4191 voluptas,

1141 4226 1195 4265 at
1233 4216 1384 4265 levior
1419 4216 1629 4279 demptis
1658 4233 1823 4280 poena
1860 4216 2045 4265 duobus
2084 4198 2199 4265 erit,
