3075 5100
2509 397 2592 457 67

234 573 564 638 Tibullum
612 573 678 635 in
711 571 1032 634 Nemesim
1081 571 1324 652 elegias
1372 571 1708 651 scripsisse
1742 571 2023 653 quidque
2072 572 2171 635 his
2206 576 2586 652 argumento

235 680 469 745 fuisset
519 678 786 758 sciebat,
837 682 902 740 et
949 677 1004 742 si
1054 684 1387 757 poetarum
1421 676 1849 758 elegiacorum
1898 677 2239 742 admodum
2286 683 2429 744 erat
2460 684 2595 743 stu-

235 787 460 851 diosus
518 789 994 866 pentametrum
1049 784 1270 865 legens
1326 784 1789 848 recordabatur
1857 783 2031 848 illius
2101 801 2325 849 versus
2397 803 2589 865 quem

238 893 384 958 aliis
438 889 919 955 condicionibus
966 896 1162 971 poeta
1208 891 1358 954 olim
1407 891 1778 971 scripserat.
1895 889 2018 955 Sed
2079 891 2197 955 hoc
2257 891 2365 972 qui
2422 892 2596 973 lege-

240 998 373 1080 bat,
436 999 576 1062 sive
634 995 1057 1077 intellegebat
1117 998 1250 1062 sive
1312 1015 1438 1062 non
1506 995 1947 1078 intellegebat,
2021 997 2369 1079 plurimum
2439 1016 2595 1063 sane

239 1107 544 1183 interest,
591 1122 701 1168 cur
735 1103 1054 1168 Martialis
1088 1103 1248 1167 miro
1281 1104 1470 1168 modo
1503 1121 1671 1185 quae
1718 1103 1924 1184 primo
1958 1103 2189 1168 obtutu
2224 1104 2347 1168 sibi
2377 1105 2597 1170 viden-

241 1217 347 1276 tur
399 1227 767 1291 repugnare
816 1227 894 1274 ea
939 1209 1342 1274 coniunxerit
1387 1209 1777 1291 perspicere.
1872 1209 1991 1287 Qui
2039 1210 2105 1274 in
2154 1211 2361 1275 altero
2408 1229 2597 1276 versu

241 1317 577 1383 Nemesim
633 1333 869 1382 vocans
940 1317 1168 1397 ipsam,
1243 1316 1514 1380 alterum
1590 1333 1667 1379 ex
1736 1315 1943 1396 primo
2013 1317 2176 1381 libro
2235 1317 2597 1382 Tibulliano

243 1442 510 1488 sumens
557 1423 641 1487 ad
685 1421 938 1486 Deliam
987 1423 1417 1503 pertinentem
1465 1423 1636 1504 quod
1694 1422 1901 1503 quivis
1959 1422 2349 1504 simpliciore
2408 1423 2595 1488 modo

245 1527 617 1610 significare
652 1529 864 1610 potuit
894 1529 979 1607 id,
1029 1532 1346 1610 ut‚p0eta,
1395 1527 1605 1593 facete
1636 1528 1849 1592 verbis
1884 1529 2414 1611 circumscripsit:
2457 1529 2599 1593 dico

248 1635 494 1701 Tibulli
541 1635 743 1700 libros
791 1634 1070 1716 primum
1119 1635 1370 1698 Deliam
1421 1635 1771 1700 secundum
1818 1635 2137 1700 Nemesim
2146 1661 2167 1711 ;
2216 1654 2365 1700 nam
2411 1635 2601 1700 libri

249 1743 362 1824 qui
459 1742 628 1806 dono
723 1741 958 1805 dantur
1037 1741 1424 1822 scriptorum
1501 1743 1805 1824 leguntur
1886 1743 1952 1808 in
2030 1742 2601 1824 epigrammatibus

254 1849 629 1913 183—196.
711 1846 853 1913 Alio
901 1852 1118 1912 autem
1165 1847 1354 1913 modo
1402 1867 1554 1912 num
1601 1847 2003 1930 probabilius
2049 1849 2172 1914 hoc
2206 1849 2603 1931 epigramma

251 1955 613 2036 explicetur
646 1953 898 2032 dubito;
951 1957 1016 2017 et
1063 1954 1339 2034 gratiam
1387 1953 1697 2018 habemus
1742 1953 1951 2019 Birtio
2002 1955 2137 2020 viro
2186 1955 2601 2036 sagacissimo

249 2060 424 2143 quod
473 2061 718 2140 primus
765 2059 886 2124 hoc
933 2065 1111 2124 recte
1158 2059 1482 2125 intellexit
1531 2060 1673 2133 (1.1.
1710 2079 1767 2142 p.
1809 2062 1889 2124 81
1927 2062 2064 2143 sq.).
2162 2060 2289 2126 Sed
2338 2061 2601 2142 paulum

250 2167 773 2250 progrediamur:
871 2166 1194 2232 Martialis
1243 2185 1384 2233 cum
1434 2167 1553 2231 hoc
1599 2167 1787 2232 modo
1836 2166 2071 2231 librum
2117 2166 2392 2248 primum
2450 2186 2605 2250 pen-

250 2278 556 2353 tametr0,
590 2273 966 2338 hexametro
996 2273 1342 2338 secundum
1369 2272 1783 2355 significaret,
1820 2278 2058 2338 totum
2092 2275 2202 2356 qui
2232 2279 2368 2338 tum
2411 2279 2602 2340 notus

252 2385 396 2446 erat
447 2377 768 2445 Tibullum
819 2379 1188 2460 complexus
1238 2384 1366 2458 est3
1431 2385 1627 2460 poeta
1676 2380 1847 2444 enim
1894 2380 1960 2444 in
2007 2379 2128 2444 hac
2174 2380 2601 2462 apophoreto-

250 2505 395 2553 rum
461 2485 629 2551 serie
695 2502 860 2567 quae
917 2489 1171 2567 spectat
1227 2487 1310 2551 ad
1366 2487 1755 2569 scriptorum
1812 2485 2011 2551 libros
2076 2487 2211 2553 sive
2272 2487 2339 2553 in
2393 2487 2603 2553 titulis

253 2612 418 2677 quos
451 2593 594 2674 ipse
627 2592 959 2673 inscripsit
1007 2593 1140 2657 sive
1165 2594 1253 2656 „in
1300 2593 1462 2674 ipsis
1507 2592 2085 2675 epigrammatibus
2132 2598 2348 2660 utrum
2395 2599 2605 2659 totum

253 2699 640 2781 scriptorem
686 2698 1040 2779 respiceret
1087 2717 1166 2762 an
1218 2704 1462 2763 certum
1511 2700 1884 2781 opusculum
1934 2705 2161 2781 aperte
2192 2698 2603 2782 significavit.

251 2805 522 2887 Iamque
589 2822 732 2869 cum
793 2823 844 2869 c.
895 2806 1017 2868 193
1083 2804 1466 2870 inscriberet
1533 2806 1697 2870 nihil
1766 2805 1889 2871 nisi
1963 2807 2335 2880 ‚‚Rbullu3“
2408 2812 2602 2890 atque

250 2928 490 2976 nomen
536 2908 603 2975 in
649 2910 792 2991 ipso
825 2911 1292 2992 epigrammate
1333 2916 1609 2994 utroque
1643 2912 1806 2977 libro
1842 2912 2124 2986 ‚‚Delia“
2160 2918 2227 2978 et
2260 2912 2603 2987 ‚‚Nemesi“

249 3018 636 3096 illustraret,
709 3036 837 3082 non
909 3016 1288 3082 crediderim
1345 3036 1487 3081 eum
1560 3017 1833 3083 aliorum
1903 3018 2079 3084 illius
2148 3019 2605 3101 opusculorum

249 3124 554 3190 notitiam
601 3123 920 3189 habuisse.
1025 3124 1250 3205 Neque
1296 3142 1448 3189 vero
1496 3124 1712 3205 potuit
1746 3124 2003 3189 habere.
2107 3124 2365 3190 Etenim
2397 3126 2603 3207 respi-

253 3232 554 3297 ciendum
579 3235 680 3296 est
701 3231 821 3295 hoc
858 3232 1255 3313 epigramma
1287 3231 1522 3296 diviti
1543 3228 1590 3310 ¹)
1624 3231 1825 3296 tribui
1858 3237 1926 3297 et
1943 3232 2200 3298 Lucano
2234 3234 2604 3314 pauperis

251 3339 422 3404 dono
454 3339 714 3419 opponi.
795 3338 880 3403 Et
910 3338 1032 3403 hoc
1079 3339 1338 3419 quidem
1370 3337 1613 3403 factum
1648 3357 1789 3403 esse
1824 3357 1965 3403 eam
2000 3340 2080 3405 ob
2115 3358 2393 3420 causam,
2431 3341 2602 3421 quod

253 3464 332 3511 ex
383 3446 660 3526 Augusti
706 3444 1107 3528 temporibus
1155 3465 1270 3527 per
1317 3445 1727 3511 intervallum
1771 3451 2025 3511 centum
2058 3466 2369 3513 annorum
2400 3465 2607 3529 usque

255 3553 337 3617 ad
377 3551 698 3617 Martialis
747 3556 1029 3618 aetatem
1075 3551 1227 3617 libri
1261 3553 1629 3633 Tibulliani‚
1679 3554 1924 3634 primus
1974 3558 2039 3619 et
2086 3555 2427 3633 secundus,
2477 3573 2604 3619 non

254 3659 386 3723 iam
455 3658 688 3723 iterum
739 3659 895 3723 editi
969 3665 1184 3724 essent
1253 3659 1474 3741 itaque
1545 3660 1859 3724 rarissimi
1913 3658 2189 3725 fuissent
2244 3665 2311 3725 et
2364 3660 2607 3741 pretio-

256 3764 516 3844 sissimi,
577 3769 754 3831 recte
808 3765 1056 3831 Birtius
1112 3766 1269 3830 mihi
1329 3767 1585 3832 videtur
1633 3766 1930 3832 sensisse.
2024 3766 2160 3830 Iam
2222 3767 2453 3833 vellem
2510 3768 2607 3833 vir

399 3958 444 4025 1)
482 3957 594 4011 Alii
640 3957 804 4012 aliter
849 3957 914 4011 de
963 3957 1067 4011 hac
1114 3974 1172 4012 re
1219 3958 1627 4027 iudicaverunt3
1676 3971 1818 4027 quae⁴
1864 3972 1986 4010 cum
2031 3960 2088 4012 in
2134 3962 2455 4012 transcursu
2502 3974 2606 4037 nec

255 4046 430 4116 possit
469 4047 762 4100 examinari
801 4050 857 4099 et
892 4046 996 4101 hoc
1033 4046 1156 4100 loco
1206 4062 1557 4115 progressum
1594 4047 1931 4113 quaestionis
1978 4046 2201 4114 gravius
2246 4048 2609 4115 interrumpat

255 4134 614 4204 multumque,
641 4137 706 4188 ut
723 4134 1084 4205 probabiliter
1109 4135 1458 4203 diiudicetur,
1479 4135 1717 4203 pendeat
1742 4134 1809 4187 de
1834 4135 2123 4188 universae
2148 4134 2607 4204 apophoretorum

257 4223 430 4291 partis
469 4238 608 4292 quae
647 4226 862 4293 spectat
899 4224 969 4279 ad
1019 4224 1190 4277 libros
1236 4223 1442 4291 ordine,
1487 4224 1549 4278 in
1593 4223 1893 4293 appendice
1939 4225 2015 4293 (p.
2044 4226 2113 4279 75
2138 4224 2283 4293 sqq.)
2330 4224 2605 4293 copiosius

263 4315 575 4380 exponetur.

2219 4409 2283 4465 5*
