3075 5100
539 369 621 432 78

715 545 850 608 Iam
899 544 1201 626 inscripsi
1233 549 1419 608 notas
1453 561 1563 608 eas
1611 561 1770 624 quas
1802 549 2013 609 rectas
2048 561 2191 608 esse
2237 561 2466 608 censeo
2515 561 2590 608 ac
2624 542 2889 606 demon-

541 649 779 714 strabo.
897 649 1424 728 Quattuordecim
1492 649 1893 730 apophoreta
1962 654 2131 732 sunt,
2203 650 2245 714 i.
2281 670 2333 714 e.
2380 649 2566 730 paria
2633 653 2891 729 septem

542 756 761 822 divitis
809 774 883 820 ac
929 757 1234 838 pauperis
1281 757 1450 822 dona
1496 773 1663 836 quae
1719 754 1844 819 sibi
1900 755 1994 820 ita
2038 759 2113 820 ut
2158 756 2338 821 iuxta
2384 754 2573 837 posui
2618 771 2893 834 respon-

543 865 696 928 dere
727 864 1055 942 videntur;
1105 883 1183 929 ex
1215 880 1480 927 numero
1528 861 1729 942 igitur
1774 862 1982 943 primo
2015 861 2245 927 obtutu
2276 863 2437 927 nihil
2481 861 2618 926 vitii
2650 860 2893 925 redun-

542 970 673 1049 dat,
725 976 790 1036 et
837 971 892 1035 si
940 970 1084 1051 quis
1131 969 1232 1034 his
1279 968 1807 1050 responsionibus
1854 987 1983 1033 non
2032 972 2372 1034 contentus
2418 967 2682 1034 lacunas
2734 969 2890 1032 odo-

542 1082 745 1158 ratur,
793 1097 920 1142 non
985 1074 1226 1142 sufficit
1285 1094 1480 1140 unum
1553 1074 1865 1140 excidisse
1913 1074 2356 1156 apophoreton
2418 1076 2699 1154 credere,
2774 1074 2896 1139 sed

544 1184 670 1249 duo
716 1183 822 1249 vel
869 1187 1175 1265 quattuor
1231 1181 1334 1247 vel
1394 1199 1506 1246 sex
1562 1181 2013 1246 desiderentur
2072 1186 2349 1262 oportet,
2409 1181 2582 1263 quod
2640 1199 2762 1263 per
2821 1199 2913 1272 se-

545 1291 679 1355 veri
736 1289 1232 1355 dissimillimum
1281 1292 1401 1354 est.
1482 1287 1610 1353 Sed
1662 1288 1727 1351 in
1776 1287 2013 1352 auxilio
2060 1287 2312 1352 numeri
2357 1288 2535 1368 paris
2569 1307 2695 1353 non
2745 1287 2895 1368 plus

545 1415 750 1479 aequo
799 1397 1138 1476 haeserim‚
1191 1414 1333 1461 cum
1381 1395 1643 1478 gravius
1690 1395 1777 1460 sit
1822 1395 2099 1475 primum
2149 1393 2515 1458 examinare
2547 1413 2699 1459 num
2734 1393 2896 1458 lem-

545 1509 740 1584 mata,
791 1523 956 1585 quae
1011 1503 1324 1584 inscripta
1381 1506 1532 1566 sunt
1586 1501 1689 1566 his
1736 1500 2175 1583 apophoretis,
2225 1506 2291 1565 et
2336 1501 2518 1582 ipsae
2562 1519 2668 1566 res
2724 1519 2898 1582 quae

545 1611 766 1676 insunt
812 1628 952 1675 eam
999 1629 1189 1692 quam
1237 1607 1592 1693 significavi
1636 1609 2120 1690 responsionem
2166 1607 2459 1688 probent.

723 1716 816 1780 Ac
862 1715 1106 1781 Birtius
1153 1715 1410 1796 quidem
1455 1717 1556 1780 vir
1612 1716 2040 1793 doctissimuS,
2090 1714 2199 1795 qui
2255 1714 2322 1776 in
2378 1732 2455 1778 ea
2502 1718 2691 1796 parte
2739 1713 2898 1779 libri

515 1823 647 1888 -sui
697 1841 886 1904 quam
945 1821 1277 1903 inscripsit
1333 1822 1522 1896 „Das
1567 1822 1986 1906 Peryament“
2036 1823 2102 1887 in
2159 1821 2579 1905 apophoretis
2637 1838 2904 1901 quoque

546 1931 948 2010 versabatur,
997 1928 1197 1994 libros
1243 1928 1381 2009 hos,
1433 1947 1574 1993 cum
1622 1929 1701 1993 de
1757 1929 2002 1994 lacunis
2048 1947 2177 1993 non
2225 1929 2515 2011 cogitans
2562 1927 2628 1992 id
2676 1933 2903 1992 tamen

549 2037 844 2101 studeret
887 2041 963 2100 ut
998 2036 1286 2100 ordinem
1334 2036 1391 2100 D
1424 2037 1475 2100 P
1520 2036 1579 2099 D
1612 2036 1664 2099 P
1698 2035 1778 2102 ab
1809 2036 1994 2101 initio
2028 2034 2110 2100 ad
2147 2033 2339 2100 finem
2371 2037 2902 2117 persequeretur,

1338 2125 1657 2154 -Α-’ψ

548 2160 645 2224 ita
691 2161 1058 2242 segregavit
1105 2159 1172 2244 (1.
1207 2159 1250 2224 l.
1284 2178 1346 2241 p.
1386 2161 1526 2242 80):

1052 2299 1176 2384 (D)
2270 2299 2391 2384 (P)

558 2410 705 2473 183.
761 2409 1021 2472 Homeri
1064 2409 1560 2494 Batrachomyo-
1784 2409 1929 2473 184.
1980 2409 2293 2474 Homerus
2352 2409 2421 2470 in
2466 2407 2903 2493 puqillaribus

819 2515 1084 2580 machia.
2044 2515 2441 2580 membranis,

558 2622 704 2687 185.
772 2621 1000 2706 Veryili
1049 2620 1254 2687 Culex.
1788 2622 1932 2687 186.
2005 2621 2303 2706 Veryilius
2349 2623 2417 2685 in
2464 2622 2870 2686 membranis,

559 2728 700 2791 187.
763 2726 1155 2811 Μενάνδρου
1203 2730 1388 2803 Θαῒς.
1784 2728 1929 2792 188.
1984 2728 2189 2792 Cicero
2237 2730 2304 2791 in
2351 2730 2745 2792 membranis,

558 2836 701 2899 189.
753 2834 1145 2899 Monobiblos
1190 2834 1504 2919 Properti.
1720 2919 1723 2923 Ι
1782 2834 1927 2897 190.
1988 2835 2158 2896 Titus
2172 2834 2395 2897 Livius
2411 2836 2479 2897 in
2496 2835 2901 2899 membranis,

562 2943 704 3004 191.
752 2936 1108 3005 Sallustius.
1784 2941 1925 3003 192.
1982 2939 2168 3003 Ovidi
2228 2941 2760 3026 Metamorphoses
2830 2942 2905 3005 in

2046 3045 2443 3111 membranis.

561 3152 708 3215 193.
769 3152 1065 3217 Tibullus,
1786 3155 1933 3218 194.
1980 3153 2299 3218 Lucanae.

560 3261 708 3323 195.
762 3257 1055 3323 Catullus,
1787 3261 1928 3323 196.
1984 3259 2157 3324 Calvi
2220 3262 2294 3325 de
2362 3282 2558 3346 aquae
2611 3260 2906 3345 frigidae

2048 3391 2183 3430 usu.

729 3473 828 3537 De
859 3471 1398 3553 apophoretorum
1432 3474 1779 3537 193-196
1806 3474 2033 3555 pretiis
2065 3475 2163 3539 vir
2194 3474 2421 3539 doctus
2454 3477 2629 3538 recte
2660 3474 2903 3553 sensit3

554 3598 681 3644 non
730 3579 826 3643 ita
870 3578 951 3643 de
999 3579 1092 3644 eis
1139 3598 1304 3661 quae
1352 3579 1761 3645 antecedunt.
1866 3580 2156 3662 Namque
2212 3581 2279 3645 in
2338 3598 2621 3646 errorem
2668 3580 2909 3646 incidit

557 3705 654 3766 eo,
704 3685 876 3766 quod
932 3686 1216 3753 rationes
1273 3705 1440 3768 quae
1496 3685 1907 3752 intercedunt
1953 3688 2125 3753 inter
2184 3706 2499 3770 papyrum
2564 3686 2698 3769 (nn.
2747 3686 2903 3765 183,

560 3794 706 3873 185,
764 3794 908 3873 187,
965 3795 1109 3867 189,
1166 3795 1318 3877 191)
1367 3798 1434 3857 et
1479 3794 1917 3859 membranam
1964 3798 2094 3875 (nn.
2136 3796 2281 3875 184,
2338 3795 2482 3873 186,
2539 3794 2686 3872 188,
2743 3795 2895 3874 190,

561 3900 734 3983 192),
783 3903 932 3964 utra
978 3900 1326 3982 pretiosior
1374 3906 1565 3981 esset,
1612 3900 1899 3965 invertit.
1980 3901 2077 3965 Ex
2124 3902 2218 3965 eis
2266 3906 2482 3968 autem
2530 3918 2694 3981 quae
2724 3899 2905 3964 Mar-

555 4006 891 4087 quardtius
917 4012 984 4072 et
1006 4008 1258 4073 Mavius
1283 4007 1404 4072 viri
1430 4008 1781 4073 doctissimi
1807 4008 2217 4074 contulerunt
2233 4008 2301 4091 (l.
2321 4008 2361 4072 l.
2385 4026 2445 4088 p.
2469 4006 2627 4092 822)
2645 4010 2835 4089 patet
2852 4004 2903 4091 ¹)

704 4184 750 4252 1)
783 4183 1058 4254 Plerique,
1086 4182 1541 4237 Friedlaenderus
1568 4198 1799 4252 quoque,
1825 4183 2232 4252 adstipulantur
2255 4182 2347 4251 (cf.
2374 4182 2539 4236 huius
2566 4180 2697 4235 edit.
2719 4198 2772 4250 p.
2798 4184 2909 4237 299

557 4276 613 4327 et
650 4273 843 4329 Litter.
873 4271 1170 4327 Gentralbl.
1201 4274 1355 4338 1882,
1392 4287 1444 4340 p.
1478 4272 1657 4341 1114).
