3075 5100
535 391 620 454 50

530 567 632 632 lus
675 567 743 632 in
791 567 1145 649 appendice
1177 567 1321 649 ipsa
1365 567 1569 631 multo
1616 571 1763 648 post
1810 565 2047 631 Tibulli
2091 570 2362 631 mortem
2412 567 2588 632 edita
2641 566 2896 648 legitur

533 671 635 758 (cf.
673 674 714 738 i.
749 692 811 756 p.
852 675 934 739 68
979 674 1175 758 sqq),
1249 673 1458 738 altera
1516 672 1795 738 fortasse
1843 674 2013 756 quod
2067 674 2149 739 ab
2199 673 2425 739 Ovidio
2471 673 2539 737 in
2589 673 2894 754 epicedio

532 799 659 845 non
719 785 1278 861 commemoratum
1337 799 1526 863 quem
1586 780 1944 846 monuimus
2002 781 2084 846 ad
2142 781 2317 846 edita
2374 784 2626 845 tantum
2685 799 2897 862 opera

534 887 770 953 Tibulli
816 887 1230 968 spectavisse.
1315 887 1532 968 Atque
1580 887 1824 969 cyclum
1872 888 2277 968 praesertim,
2330 906 2520 970 quem
2566 887 2894 968 politissi-

531 1013 704 1058 mum
753 1011 894 1061 esse
941 993 1234 1076 plerique
1281 999 1458 1059 recte
1504 995 1793 1074 credunt,
1829 993 2125 1060 Ovidium
2174 1011 2317 1059 cum
2364 993 2601 1059 Tibulli
2646 1014 2895 1060 memo-

531 1101 695 1164 riam
751 1099 1114 1166 celebraret
1168 1099 1428 1165 silentio
1495 1101 2102 1182 praetermissurum
2168 1099 2367 1166 fuisse
2438 1101 2495 1165 si
2550 1101 2617 1165 in
2676 1101 2893 1168 lucem

531 1207 661 1271 iam
692 1206 1020 1288 prodisset
1050 1224 1174 1271 non
1206 1205 1487 1273 libenter
1522 1207 1923 1274 crediderim.
2002 1206 2098 1272 Ex
2130 1226 2255 1290 quo
2304 1208 2667 1289 colligimus
2715 1209 2894 1274 hunc

534 1313 778 1396 cyclum
841 1313 1010 1378 sicut
1079 1311 1391 1395 Glycerae
1447 1313 1691 1396 elegias
1762 1331 1801 1377 a
1870 1313 2122 1380 Tibullo
2176 1321 2587 1398 postquam
2645 1316 2895 1382 librum

534 1419 880 1485 secundum
951 1417 1225 1486 confecit
1293 1423 1488 1501 atque
1566 1421 1773 1486 edidit
1834 1423 2259 1505 compositum
2336 1440 2509 1503 esse;
2589 1423 2733 1505 qui,
2814 1427 2896 1488 ut

536 1529 850 1616 Glycerae
899 1527 1167 1611 elegiae,
1227 1527 1565 1609 quominus
1623 1528 1809 1596 libris
1863 1529 2072 1610 primo
2141 1533 2208 1593 et
2266 1530 2547 1594 secundo
2608 1531 2693 1595 ab
2741 1533 2892 1612 ipso

534 1641 729 1718 poeta
806 1635 1058 1703 emissis
1124 1634 1623 1700 adnecterentur
1692 1635 1914 1717 iniqua
1981 1633 2119 1700 fata
2186 1635 2644 1718 impediebant,
2720 1657 2894 1720 quae

538 1742 812 1824 triginta
857 1742 1141 1826 quinque
1189 1758 1390 1807 annos
1437 1746 1659 1807 natum
1708 1742 2154 1823 abripuerunt.
2246 1742 2635 1808 Persuasum
2685 1744 2894 1826 igitur

533 1849 742 1916 habeo
800 1849 959 1915 haec
1013 1848 1294 1931 elegidia
1349 1849 1721 1932 extremis')
1778 1850 2014 1916 aetatis
2070 1849 2246 1916 illius
2304 1850 2511 1932 anniS,
2560 1851 2893 1916 nescimus

537 1975 682 2040 quo,
733 1956 850 2022 sed
897 1960 1072 2022 certe
1120 1957 1290 2022 inter
1337 1973 1436 2020 aa.
1466 1953 1713 2042 731l23
1767 1961 1833 2022 et
1881 1953 2149 2044 735l19,
2201 1957 2556 2039 composita
2605 1975 2771 2038 esse,
2826 1963 2894 2023 et

537 2062 619 2127 ob
673 2063 840 2128 hanc
896 2079 1156 2128 causam
1211 2062 1605 2128 reiciendum
1662 2080 1804 2130 esse
1862 2063 1929 2128 id
1976 2064 2147 2146 quod
2195 2062 2521 2144 Gruppius
2569 2063 2893 2130 Dissenus

539 2169 650 2234 alii
697 2170 778 2235 de
824 2168 1085 2235 Nemesi
1132 2174 1482 2235 extremo
1529 2187 1749 2235 amore
1794 2170 2246 2252 opinabantur.
2339 2149 2356 2162 ⁰

718 2276 860 2342 Hac
907 2281 1129 2343 autem
1174 2295 1305 2342 una
1360 2277 1466 2342 via
1512 2277 1667 2343 licet
1713 2282 2001 2343 statuere
2061 2277 2305 2359 cyclum
2351 2277 2521 2342 hunc
2567 2276 2737 2342 libro
2761 2268 2763 2270 ’
2789 2295 2893 2344 se·

540 2383 744 2448 cundo
790 2381 992 2450 fuisse
1037 2384 1484 2466 posteriorem,
1535 2389 1603 2450 et
1648 2385 1763 2466 qui
1808 2384 2001 2448 aliam
2058 2383 2513 2466 ingrediuntur
2570 2383 2655 2448 ad
2712 2384 2892 2449 idem

542 2490 1084 2573 comprobandum
1120 2490 1168 2555 ii
1216 2507 1440 2556 vereor
1484 2509 1567 2556 ne
1616 2491 1832 2573 specie
1876 2489 2204 2557 fallantur.
2275 2490 2416 2557 Hoc
2446 2489 2617 2555 enim
2649 2491 2895 2573 probat

545 2597 768 2663 Olseni
815 2598 938 2663 viri
985 2597 1341 2664 doctissimi
1389 2598 1468 2663 de
1511 2597 1635 2663 hac
1679 2617 1753 2663 re
1809 2599 2104 2679 quaestio
2164 2598 2234 2683 (l.
2271 2598 2341 2681 l.)
2405 2598 2516 2681 qui
2578 2597 2753 2663 idem
2812 2617 2893 2664 ac

541 2722 658 2770 nos
715 2704 1162 2771 demonstrare
1223 2704 1476 2769 studuit
1519 2740 1603 2751 --
1666 2704 1825 2786 cycli
1879 2706 2070 2770 huius
2127 2704 2548 2787 elegidiorum
2608 2710 2676 2771 et
2732 2704 2891 2770 Pro-

539 2811 734 2893 pertii
812 2811 1105 2877 versibus
1184 2810 1567 2893 quibusdam
1641 2812 2048 2893 comparatis.
2176 2811 2413 2878 Censet
2488 2817 2708 2879 autem
2788 2813 2893 2878 vir

541 2918 766 2984 doctus
815 2916 983 3001 (plus
1031 2936 1236 3001 aequo
1269 2918 1595 3012 Zingerlei
1609 2916 1663 3001 ²)
1709 2918 2071 2985 rationibus
2116 2918 2352 3001 motus)
2399 2920 2559 2987 haec
2606 2920 2894 3002 elegidia

684 3165 728 3235 1)
765 3164 924 3229 Quod
959 3165 1145 3220 monui
1183 3180 1349 3235 supra
1373 3164 1446 3235 (p.
1475 3168 1543 3221 49
1572 3167 1715 3236 sqq.)
1741 3165 2005 3237 Glycerae
2043 3164 2249 3234 elegias
2285 3168 2440 3236 post
2459 3164 2662 3219 librum
2688 3181 2891 3220 secun-

541 3254 670 3309 dum
706 3254 940 3324 scriptas
979 3270 1098 3309 esse
1134 3254 1354 3323 probari
1403 3268 1466 3308 eo
1506 3254 1653 3325 quod
1699 3254 1907 3323 elegiae
1951 3252 2083 3308 libri
2127 3255 2290 3323 primi
2326 3252 2437 3309 VII
2473 3258 2531 3309 et
2564 3254 2598 3309 I
2632 3254 2765 3309 libri
2804 3270 2891 3309 se·

542 3344 707 3398 cundi
741 3346 887 3413 temp
895 3344 1002 3397 oris
1039 3344 1219 3413 spatio
1259 3359 1420 3414 quam
1456 3344 1777 3398 brevissimo
1816 3343 2101 3412 segregari
2145 3342 2417 3407 videntur,
2454 3342 2603 3397 idem
2642 3344 2795 3397 cadit
2828 3344 2892 3397 in

542 3433 779 3503 cyclum3
829 3448 989 3503 quem
1029 3448 1063 3485 a
1095 3418 1338 3487 Disseno'
1383 3436 1441 3487 et
1497 3432 1592 3503 qui
1642 3432 1818 3486 secuti
1862 3434 1994 3486 sunt
2044 3434 2194 3486 recte
2243 3431 2389 3487 inter
2430 3430 2605 3487 libros
2650 3432 2893 3502 primum

542 3524 599 3576 et
634 3521 933 3577 secundum
969 3521 1357 3591 interpositum
1395 3538 1512 3576 esse
1550 3536 1709 3589 nego.

681 3608 729 3680 2)
765 3608 871 3665 Hic
923 3609 1068 3664 enim
1116 3610 1364 3664 versibus
1413 3613 1500 3665 sat
1544 3610 1847 3665 numerosis
1902 3611 2187 3679 poetarum
2244 3608 2341 3679 qui
2387 3608 2613 3664 fuerunt
2648 3608 2894 3679 Augusti

541 3699 877 3769 temporibus
915 3698 1162 3753 collectis
1200 3702 1255 3754 et
1293 3700 1623 3771 comparatis
1662 3698 1741 3753 eis
1780 3698 1873 3768 qui
1908 3714 2069 3768 pares
2106 3697 2195 3753 vel
2230 3699 2436 3753 similes
2471 3714 2592 3765 esse
2627 3699 2892 3754 videban-

541 3792 634 3843 tur
671 3786 860 3843 dedita
896 3804 1063 3858 opera
1099 3790 1326 3843 conatus
1365 3792 1450 3844 est
1497 3788 1871 3843 demonstrare
1906 3786 2164 3842 Ovidium
2200 3786 2389 3841 multis
2436 3786 2575 3841 locis
2617 3788 2715 3859 qui
2761 3791 2893 3843 ante

541 3878 722 3947 ipsum
758 3876 982 3931 fuerunt
1019 3892 1144 3933 cum
1178 3878 1316 3932 alios
1360 3880 1478 3933 tum
1527 3876 1802 3946 elegiacos
1846 3879 2038 3946 poetas
2085 3876 2357 3930 imitatum
2408 3892 2527 3931 esse
2562 3877 2732 3947 (ovid
2776 3878 2895 3931 und

543 3982 586 4020 s.
611 3964 896 4021 Verhffltn.
928 3982 974 4021 z.
1001 3965 1054 4020 d.
1079 3965 1357 4035 Vorgang.
1397 3982 1449 4023 u.
1485 3966 1719 4035 gleichz.
1746 3970 1879 4021 rom.
1904 3965 2207 4037 Dichtern3
2252 3964 2361 4019 vol.
2385 3965 2441 4020 I:
2486 3964 2648 4034 Ovid,
2686 3965 2894 4033 catull,

541 4053 745 4122 Tibull,
782 4055 1042 4124 Properz,
1079 4054 1295 4113 Innsbr.
1343 4052 1496 4125 1869)
1538 4056 1850 4127 multosque
1905 4056 2078 4109 movit
2131 4058 2195 4109 ut
2248 4055 2467 4111 easdam
2502 4056 2748 4111 rationes
2806 4072 2893 4111 se-

544 4146 858 4212 querentur.
931 4142 1006 4219 Et
1040 4142 1176 4198 haec
1216 4144 1436 4215 quidem
1473 4145 1559 4198 vir
1597 4144 1947 4202 doctissimus
1985 4159 2253 4198 summum
2302 4144 2360 4197 in
2404 4160 2562 4198 usum
2613 4146 2893 4199 convertit

543 4248 730 4286 eorum
769 4234 864 4303 qui
898 4235 962 4287 ut
997 4248 1171 4301 genus
1210 4233 1428 4287 dicendi
1467 4250 1630 4304 quam
1665 4233 2095 4289 luculentissime
2128 4234 2467 4303 perspiciant
2492 4234 2626 4287 dant
2650 4248 2892 4303 operam.

544 4321 652 4376 Sed
697 4321 745 4375 si
793 4320 928 4389 quid
974 4321 1152 4375 simile
1199 4325 1289 4375 est
1333 4322 1393 4376 id
1441 4322 1740 4392 imitationi
1788 4322 2136 4377 tribuendum
2186 4336 2307 4376 esse
2353 4338 2684 4393 quamquam
2728 4322 2896 4377 multi
