<?xml version="1.0" encoding="UTF-8"?>
<!DOCTYPE html PUBLIC "-//W3C//DTD XHTML 1.0 Transitional//EN"
    "http://www.w3.org/TR/xhtml1/DTD/xhtml1-transitional.dtd">
<html xmlns="http://www.w3.org/1999/xhtml" xml:lang="en" lang="en">
 <head>
  <title>
</title>
<meta http-equiv="Content-Type" content="text/html;charset=utf-8" />
  <meta name='ocr-system' content='tesseract 3.04.00' />
  <meta name='ocr-capabilities' content='ocr_page ocr_carea ocr_par ocr_line ocrx_word'/>
</head>
<body>
  <div class='ocr_page' id='page_1' title='image "./studiatibullian01ullrgoog_0045.png"; bbox 0 0 3075 5100; ppageno 0'>
   <div class='ocr_carea' id='block_1_1' title="bbox 2432 348 2516 412">
    <p class='ocr_par' dir='ltr' id='par_1_1' title="bbox 2432 348 2516 412">
     <span class='ocr_line' id='line_1_1' title="bbox 2432 348 2516 412; baseline -0.024 0"><span class='ocrx_word' id='word_1_1' title='bbox 2432 348 2516 412; x_wconf 82' lang='lat'>37</span> 
     </span>
    </p>
   </div>
   <div class='ocr_carea' id='block_1_2' title="bbox 146 521 2519 4351">
    <p class='ocr_par' dir='ltr' id='par_1_2' title="bbox 152 521 2519 1245">
     <span class='ocr_line' id='line_1_2' title="bbox 335 521 2519 609; baseline 0.002 -23"><span class='ocrx_word' id='word_1_2' title='bbox 335 522 522 586; x_wconf 83' lang='lat' dir='ltr'>Haec</span> <span class='ocrx_word' id='word_1_3' title='bbox 569 522 775 602; x_wconf 88' lang='lat' dir='ltr'>primo</span> <span class='ocrx_word' id='word_1_4' title='bbox 826 522 1058 586; x_wconf 87' lang='lat' dir='ltr'>obtutu</span> <span class='ocrx_word' id='word_1_5' title='bbox 1105 521 1269 585; x_wconf 92' lang='lat' dir='ltr'>mira</span> <span class='ocrx_word' id='word_1_6' title='bbox 1317 522 1645 601; x_wconf 61' lang='lat' dir='ltr'>videntum</span> <span class='ocrx_word' id='word_1_7' title='bbox 1698 528 1763 588; x_wconf 92' lang='lat' dir='ltr'>et</span> <span class='ocrx_word' id='word_1_8' title='bbox 1811 525 1999 590; x_wconf 91' lang='lat' dir='ltr'>decet</span> <span class='ocrx_word' id='word_1_9' title='bbox 2044 543 2357 606; x_wconf 85' lang='lat' dir='ltr'>quaerere</span> <span class='ocrx_word' id='word_1_10' title='bbox 2389 545 2519 609; x_wconf 91' lang='lat' dir='ltr'>qua</span> 
     </span>
     <span class='ocr_line' id='line_1_3' title="bbox 159 627 2515 714; baseline 0.002 -21"><span class='ocrx_word' id='word_1_11' title='bbox 159 630 237 693; x_wconf 90' lang='lat' dir='ltr'>de</span> <span class='ocrx_word' id='word_1_12' title='bbox 274 647 479 694; x_wconf 87' lang='lat' dir='ltr'>causa</span> <span class='ocrx_word' id='word_1_13' title='bbox 514 627 778 694; x_wconf 88' lang='lat' dir='ltr'>Ovidius</span> <span class='ocrx_word' id='word_1_14' title='bbox 817 646 956 694; x_wconf 88' lang='lat' dir='ltr'>rem</span> <span class='ocrx_word' id='word_1_15' title='bbox 1003 627 1366 707; x_wconf 85' lang='lat' dir='ltr'>mutaverit,</span> <span class='ocrx_word' id='word_1_16' title='bbox 1418 630 1603 694; x_wconf 84' lang='lat' dir='ltr'>decet</span> <span class='ocrx_word' id='word_1_17' title='bbox 1652 648 1727 695; x_wconf 92' lang='lat' dir='ltr'>eo</span> <span class='ocrx_word' id='word_1_18' title='bbox 1760 631 1985 711; x_wconf 83' lang='lat' dir='ltr'>magiS‚</span> <span class='ocrx_word' id='word_1_19' title='bbox 2036 632 2225 713; x_wconf 87' lang='lat' dir='ltr'>quod,</span> <span class='ocrx_word' id='word_1_20' title='bbox 2276 633 2385 714; x_wconf 92' lang='lat' dir='ltr'>qui</span> <span class='ocrx_word' id='word_1_21' title='bbox 2434 634 2515 698; x_wconf 91' lang='lat' dir='ltr'>de</span> 
     </span>
     <span class='ocr_line' id='line_1_4' title="bbox 155 733 2518 817; baseline 0.002 -17"><span class='ocrx_word' id='word_1_22' title='bbox 155 736 280 801; x_wconf 92' lang='lat' dir='ltr'>hoc</span> <span class='ocrx_word' id='word_1_23' title='bbox 331 736 480 801; x_wconf 92' lang='lat' dir='ltr'>loco</span> <span class='ocrx_word' id='word_1_24' title='bbox 519 735 716 800; x_wconf 89' lang='lat' dir='ltr'>verba</span> <span class='ocrx_word' id='word_1_25' title='bbox 747 733 1062 815; x_wconf 86' lang='lat' dir='ltr'>fecerunt,</span> <span class='ocrx_word' id='word_1_26' title='bbox 1099 735 1444 800; x_wconf 86' lang='lat' dir='ltr'>discrimen</span> <span class='ocrx_word' id='word_1_27' title='bbox 1477 736 1647 817; x_wconf 89' lang='lat' dir='ltr'>quod</span> <span class='ocrx_word' id='word_1_28' title='bbox 1679 736 2025 802; x_wconf 75' lang='lat' dir='ltr'>intercedit</span> <span class='ocrx_word' id='word_1_29' title='bbox 2056 738 2225 804; x_wconf 88' lang='lat' dir='ltr'>inter</span> <span class='ocrx_word' id='word_1_30' title='bbox 2258 739 2518 805; x_wconf 92' lang='lat' dir='ltr'>Tibullli</span> 
     </span>
     <span class='ocr_line' id='line_1_5' title="bbox 155 841 2516 924; baseline 0.001 -16"><span class='ocrx_word' id='word_1_31' title='bbox 155 848 220 908; x_wconf 90' lang='lat' dir='ltr'>et</span> <span class='ocrx_word' id='word_1_32' title='bbox 271 842 495 908; x_wconf 82' lang='lat' dir='ltr'>Ovidii</span> <span class='ocrx_word' id='word_1_33' title='bbox 545 842 1015 923; x_wconf 75' lang='lat' dir='ltr'>descriptiones</span> <span class='ocrx_word' id='word_1_34' title='bbox 1063 859 1292 922; x_wconf 89' lang='lat' dir='ltr'>parum</span> <span class='ocrx_word' id='word_1_35' title='bbox 1339 841 1502 908; x_wconf 90' lang='lat' dir='ltr'>illud</span> <span class='ocrx_word' id='word_1_36' title='bbox 1550 848 1975 924; x_wconf 85' lang='lat' dir='ltr'>respexerunt</span> <span class='ocrx_word' id='word_1_37' title='bbox 2034 848 2101 908; x_wconf 86' lang='lat' dir='ltr'>et</span> <span class='ocrx_word' id='word_1_38' title='bbox 2159 847 2516 912; x_wconf 86' lang='lat' dir='ltr'>sententias</span> 
     </span>
     <span class='ocr_line' id='line_1_6' title="bbox 152 947 2516 1030; baseline 0.001 -17"><span class='ocrx_word' id='word_1_39' title='bbox 152 950 248 1013; x_wconf 90' lang='lat' dir='ltr'>ita</span> <span class='ocrx_word' id='word_1_40' title='bbox 298 955 376 1013; x_wconf 92' lang='lat' dir='ltr'>ut</span> <span class='ocrx_word' id='word_1_41' title='bbox 424 949 732 1030; x_wconf 89' lang='lat' dir='ltr'>leguntur</span> <span class='ocrx_word' id='word_1_42' title='bbox 779 948 1094 1029; x_wconf 84' lang='lat' dir='ltr'>neglectis</span> <span class='ocrx_word' id='word_1_43' title='bbox 1147 947 1382 1012; x_wconf 88' lang='lat' dir='ltr'>Tibulli</span> <span class='ocrx_word' id='word_1_44' title='bbox 1432 949 1625 1015; x_wconf 89' lang='lat' dir='ltr'>rebus</span> <span class='ocrx_word' id='word_1_45' title='bbox 1675 953 1742 1014; x_wconf 91' lang='lat' dir='ltr'>et</span> <span class='ocrx_word' id='word_1_46' title='bbox 1790 949 2179 1016; x_wconf 82' lang='lat' dir='ltr'>carminibus</span> <span class='ocrx_word' id='word_1_47' title='bbox 2236 952 2316 1016; x_wconf 88' lang='lat' dir='ltr'>ad</span> <span class='ocrx_word' id='word_1_48' title='bbox 2377 972 2516 1019; x_wconf 86' lang='lat' dir='ltr'>ver-</span> 
     </span>
     <span class='ocr_line' id='line_1_7' title="bbox 152 1054 2518 1140; baseline 0.002 -21"><span class='ocrx_word' id='word_1_49' title='bbox 152 1056 308 1120; x_wconf 89' lang='lat' dir='ltr'>bum</span> <span class='ocrx_word' id='word_1_50' title='bbox 370 1060 626 1121; x_wconf 90' lang='lat' dir='ltr'>tantum</span> <span class='ocrx_word' id='word_1_51' title='bbox 687 1054 1086 1138; x_wconf 86' lang='lat' dir='ltr'>explicantes</span> <span class='ocrx_word' id='word_1_52' title='bbox 1145 1056 1212 1120; x_wconf 92' lang='lat' dir='ltr'>in</span> <span class='ocrx_word' id='word_1_53' title='bbox 1285 1074 1565 1123; x_wconf 89' lang='lat' dir='ltr'>summos</span> <span class='ocrx_word' id='word_1_54' title='bbox 1616 1075 1891 1137; x_wconf 82' lang='lat' dir='ltr'>erroreS,</span> <span class='ocrx_word' id='word_1_55' title='bbox 1942 1076 2087 1123; x_wconf 90' lang='lat' dir='ltr'>eum</span> <span class='ocrx_word' id='word_1_56' title='bbox 2133 1061 2518 1140; x_wconf 88' lang='lat' dir='ltr'>praesertim</span> 
     </span>
     <span class='ocr_line' id='line_1_8' title="bbox 153 1162 1402 1245; baseline -0.002 -18"><span class='ocrx_word' id='word_1_57' title='bbox 153 1182 350 1245; x_wconf 89' lang='lat' dir='ltr'>quem</span> <span class='ocrx_word' id='word_1_58' title='bbox 412 1163 633 1228; x_wconf 88' lang='lat' dir='ltr'>notavi</span> <span class='ocrx_word' id='word_1_59' title='bbox 678 1181 740 1243; x_wconf 89' lang='lat' dir='ltr'>p.</span> <span class='ocrx_word' id='word_1_60' title='bbox 776 1163 880 1243; x_wconf 87' lang='lat'>35,</span> <span class='ocrx_word' id='word_1_61' title='bbox 929 1162 1188 1228; x_wconf 85' lang='lat' dir='ltr'>deducti</span> <span class='ocrx_word' id='word_1_62' title='bbox 1233 1167 1402 1228; x_wconf 89' lang='lat' dir='ltr'>sunt.</span> 
     </span>
    </p>

    <p class='ocr_par' dir='ltr' id='par_1_3' title="bbox 148 1268 2515 3172">
     <span class='ocr_line' id='line_1_9' title="bbox 341 1268 2514 1352; baseline 0.001 -18"><span class='ocrx_word' id='word_1_63' title='bbox 341 1271 438 1334; x_wconf 89' lang='lat' dir='ltr'>Ac</span> <span class='ocrx_word' id='word_1_64' title='bbox 483 1268 760 1350; x_wconf 90' lang='lat' dir='ltr'>primum</span> <span class='ocrx_word' id='word_1_65' title='bbox 807 1269 1067 1352; x_wconf 89' lang='lat' dir='ltr'>quidem</span> <span class='ocrx_word' id='word_1_66' title='bbox 1121 1272 1394 1334; x_wconf 88' lang='lat' dir='ltr'>matrem</span> <span class='ocrx_word' id='word_1_67' title='bbox 1452 1273 1519 1335; x_wconf 90' lang='lat' dir='ltr'>et</span> <span class='ocrx_word' id='word_1_68' title='bbox 1578 1286 1865 1335; x_wconf 88' lang='lat' dir='ltr'>sororem</span> <span class='ocrx_word' id='word_1_69' title='bbox 1916 1270 2152 1336; x_wconf 87' lang='lat' dir='ltr'>Tibulli</span> <span class='ocrx_word' id='word_1_70' title='bbox 2209 1269 2326 1335; x_wconf 89' lang='lat' dir='ltr'>filii</span> <span class='ocrx_word' id='word_1_71' title='bbox 2384 1271 2514 1337; x_wconf 86' lang='lat' dir='ltr'>fra-</span> 
     </span>
     <span class='ocr_line' id='line_1_10' title="bbox 153 1374 2513 1459; baseline 0.002 -20"><span class='ocrx_word' id='word_1_72' title='bbox 153 1376 418 1457; x_wconf 89' lang='lat' dir='ltr'>trisque</span> <span class='ocrx_word' id='word_1_73' title='bbox 475 1374 690 1441; x_wconf 88' lang='lat' dir='ltr'>funeri</span> <span class='ocrx_word' id='word_1_74' title='bbox 747 1394 816 1440; x_wconf 91' lang='lat' dir='ltr'>re</span> <span class='ocrx_word' id='word_1_75' title='bbox 881 1393 1034 1441; x_wconf 89' lang='lat' dir='ltr'>vera</span> <span class='ocrx_word' id='word_1_76' title='bbox 1090 1374 1464 1442; x_wconf 85' lang='lat' dir='ltr'>interfuisse</span> <span class='ocrx_word' id='word_1_77' title='bbox 1516 1395 1637 1457; x_wconf 88' lang='lat' dir='ltr'>per</span> <span class='ocrx_word' id='word_1_78' title='bbox 1692 1395 1764 1442; x_wconf 91' lang='lat' dir='ltr'>se</span> <span class='ocrx_word' id='word_1_79' title='bbox 1822 1377 1994 1443; x_wconf 90' lang='lat' dir='ltr'>credi</span> <span class='ocrx_word' id='word_1_80' title='bbox 2058 1383 2302 1459; x_wconf 85' lang='lat' dir='ltr'>potest3</span> <span class='ocrx_word' id='word_1_81' title='bbox 2365 1398 2513 1444; x_wconf 88' lang='lat' dir='ltr'>nam</span> 
     </span>
     <span class='ocr_line' id='line_1_11' title="bbox 154 1483 2515 1564; baseline 0.002 -17"><span class='ocrx_word' id='word_1_82' title='bbox 154 1485 668 1549; x_wconf 89' lang='lat' dir='ltr'>consentaneum</span> <span class='ocrx_word' id='word_1_83' title='bbox 717 1487 816 1548; x_wconf 91' lang='lat' dir='ltr'>est</span> <span class='ocrx_word' id='word_1_84' title='bbox 873 1502 982 1548; x_wconf 91' lang='lat' dir='ltr'>eos</span> <span class='ocrx_word' id='word_1_85' title='bbox 1040 1483 1151 1564; x_wconf 88' lang='lat' dir='ltr'>qui</span> <span class='ocrx_word' id='word_1_86' title='bbox 1206 1483 1682 1548; x_wconf 87' lang='lat' dir='ltr'>necessitudine</span> <span class='ocrx_word' id='word_1_87' title='bbox 1740 1501 1884 1548; x_wconf 90' lang='lat' dir='ltr'>cum</span> <span class='ocrx_word' id='word_1_88' title='bbox 1940 1491 2195 1549; x_wconf 90' lang='lat' dir='ltr'>mortuo</span> <span class='ocrx_word' id='word_1_89' title='bbox 2256 1486 2515 1551; x_wconf 88' lang='lat' dir='ltr'>coniun-</span> 
     </span>
     <span class='ocr_line' id='line_1_12' title="bbox 153 1587 2515 1671; baseline 0.003 -18"><span class='ocrx_word' id='word_1_90' title='bbox 153 1596 406 1670; x_wconf 87' lang='lat' dir='ltr'>guntur</span> <span class='ocrx_word' id='word_1_91' title='bbox 455 1608 826 1670; x_wconf 90' lang='lat' dir='ltr'>supremum</span> <span class='ocrx_word' id='word_1_92' title='bbox 884 1587 1166 1655; x_wconf 84' lang='lat' dir='ltr'>officium</span> <span class='ocrx_word' id='word_1_93' title='bbox 1221 1591 1278 1654; x_wconf 91' lang='lat' dir='ltr'>si</span> <span class='ocrx_word' id='word_1_94' title='bbox 1333 1589 1610 1655; x_wconf 85' lang='lat' dir='ltr'>facultas</span> <span class='ocrx_word' id='word_1_95' title='bbox 1671 1590 1865 1656; x_wconf 91' lang='lat' dir='ltr'>datur</span> <span class='ocrx_word' id='word_1_96' title='bbox 1922 1596 2279 1671; x_wconf 89' lang='lat' dir='ltr'>praestare.</span> <span class='ocrx_word' id='word_1_97' title='bbox 2390 1593 2515 1659; x_wconf 87' lang='lat' dir='ltr'>Sed</span> 
     </span>
     <span class='ocr_line' id='line_1_13' title="bbox 152 1695 2515 1765; baseline 0.002 -5"><span class='ocrx_word' id='word_1_98' title='bbox 152 1716 287 1762; x_wconf 89' lang='lat' dir='ltr'>non</span> <span class='ocrx_word' id='word_1_99' title='bbox 341 1697 726 1762; x_wconf 87' lang='lat' dir='ltr'>crediderim</span> <span class='ocrx_word' id='word_1_100' title='bbox 777 1696 895 1761; x_wconf 90' lang='lat' dir='ltr'>hoc</span> <span class='ocrx_word' id='word_1_101' title='bbox 944 1695 1240 1762; x_wconf 81' lang='lat' dir='ltr'>Ovidium</span> <span class='ocrx_word' id='word_1_102' title='bbox 1289 1695 1557 1762; x_wconf 90' lang='lat' dir='ltr'>definite</span> <span class='ocrx_word' id='word_1_103' title='bbox 1616 1702 2261 1762; x_wconf 88' lang='lat' dir='ltr'>commemoraturum</span> <span class='ocrx_word' id='word_1_104' title='bbox 2314 1698 2515 1765; x_wconf 89' lang='lat' dir='ltr'>fuisse</span> 
     </span>
     <span class='ocr_line' id='line_1_14' title="bbox 151 1803 2514 1889; baseline 0.002 -23"><span class='ocrx_word' id='word_1_105' title='bbox 151 1803 284 1870; x_wconf 89' lang='lat' dir='ltr'>nisi</span> <span class='ocrx_word' id='word_1_106' title='bbox 313 1804 492 1868; x_wconf 90' lang='lat' dir='ltr'>illius</span> <span class='ocrx_word' id='word_1_107' title='bbox 528 1803 980 1885; x_wconf 88' lang='lat' dir='ltr'>descriptionis</span> <span class='ocrx_word' id='word_1_108' title='bbox 1016 1803 1418 1870; x_wconf 90' lang='lat' dir='ltr'>Tibullianae</span> <span class='ocrx_word' id='word_1_109' title='bbox 1458 1804 1837 1870; x_wconf 87' lang='lat' dir='ltr'>recordatus</span> <span class='ocrx_word' id='word_1_110' title='bbox 1880 1809 2067 1870; x_wconf 90' lang='lat' dir='ltr'>esset.</span> <span class='ocrx_word' id='word_1_111' title='bbox 2131 1805 2359 1889; x_wconf 91' lang='lat' dir='ltr'>Itaque</span> <span class='ocrx_word' id='word_1_112' title='bbox 2382 1805 2514 1872; x_wconf 89' lang='lat' dir='ltr'>fac-</span> 
     </span>
     <span class='ocr_line' id='line_1_15' title="bbox 151 1893 2513 1994; baseline 0.002 -19"><span class='ocrx_word' id='word_1_113' title='bbox 151 1917 298 1976; x_wconf 88' lang='lat' dir='ltr'>tum</span> <span class='ocrx_word' id='word_1_114' title='bbox 335 1916 439 1976; x_wconf 89' lang='lat' dir='ltr'>est</span> <span class='ocrx_word' id='word_1_115' title='bbox 472 1915 565 1990; x_wconf 85' lang='lat' dir='ltr'>ut,</span> <span class='ocrx_word' id='word_1_116' title='bbox 605 1893 731 1976; x_wconf 85' lang='lat' dir='ltr'>non</span> <span class='ocrx_word' id='word_1_117' title='bbox 771 1911 1309 1994; x_wconf 87' lang='lat' dir='ltr'>ineptequidem,</span> <span class='ocrx_word' id='word_1_118' title='bbox 1355 1911 1597 1992; x_wconf 89' lang='lat' dir='ltr'>passim</span> <span class='ocrx_word' id='word_1_119' title='bbox 1631 1915 1883 1976; x_wconf 90' lang='lat' dir='ltr'>mutata</span> <span class='ocrx_word' id='word_1_120' title='bbox 1919 1910 2034 1976; x_wconf 87' lang='lat' dir='ltr'>illa</span> <span class='ocrx_word' id='word_1_121' title='bbox 2072 1912 2362 1993; x_wconf 89' lang='lat' dir='ltr'>epicedio</span> <span class='ocrx_word' id='word_1_122' title='bbox 2398 1932 2513 1979; x_wconf 91' lang='lat' dir='ltr'>suo</span> 
     </span>
     <span class='ocr_line' id='line_1_16' title="bbox 152 2018 2514 2103; baseline 0.002 -20"><span class='ocrx_word' id='word_1_123' title='bbox 152 2021 484 2084; x_wconf 89' lang='lat' dir='ltr'>insereret</span> <span class='ocrx_word' id='word_1_124' title='bbox 530 2037 606 2084; x_wconf 90' lang='lat' dir='ltr'>ea</span> <span class='ocrx_word' id='word_1_125' title='bbox 653 2037 905 2101; x_wconf 90' lang='lat' dir='ltr'>quoque</span> <span class='ocrx_word' id='word_1_126' title='bbox 952 2018 1206 2083; x_wconf 88' lang='lat' dir='ltr'>ratione</span> <span class='ocrx_word' id='word_1_127' title='bbox 1251 2023 1465 2083; x_wconf 90' lang='lat' dir='ltr'>motus</span> <span class='ocrx_word' id='word_1_128' title='bbox 1510 2023 1588 2082; x_wconf 90' lang='lat' dir='ltr'>ut</span> <span class='ocrx_word' id='word_1_129' title='bbox 1631 2018 1911 2084; x_wconf 89' lang='lat' dir='ltr'>lectores</span> <span class='ocrx_word' id='word_1_130' title='bbox 1961 2019 2354 2084; x_wconf 89' lang='lat' dir='ltr'>condicionis</span> <span class='ocrx_word' id='word_1_131' title='bbox 2386 2040 2514 2103; x_wconf 90' lang='lat' dir='ltr'>qua</span> 
     </span>
     <span class='ocr_line' id='line_1_17' title="bbox 151 2124 2515 2208; baseline 0.002 -18"><span class='ocrx_word' id='word_1_132' title='bbox 151 2131 314 2204; x_wconf 37' lang='lat' dir='ltr'>tum,</span> <span class='ocrx_word' id='word_1_133' title='bbox 371 2143 636 2206; x_wconf 90' lang='lat' dir='ltr'>pressus</span> <span class='ocrx_word' id='word_1_134' title='bbox 702 2125 992 2190; x_wconf 88' lang='lat' dir='ltr'>Tibullus</span> <span class='ocrx_word' id='word_1_135' title='bbox 1064 2141 1318 2190; x_wconf 88' lang='lat' dir='ltr'>carmen</span> <span class='ocrx_word' id='word_1_136' title='bbox 1376 2124 1472 2190; x_wconf 95' lang='lat' dir='ltr'>III</span> <span class='ocrx_word' id='word_1_137' title='bbox 1544 2125 1994 2191; x_wconf 87' lang='lat' dir='ltr'>suavissimum</span> <span class='ocrx_word' id='word_1_138' title='bbox 2066 2133 2515 2208; x_wconf 87' lang='lat' dir='ltr'>composuerat</span> 
     </span>
     <span class='ocr_line' id='line_1_18' title="bbox 153 2232 2513 2316; baseline 0.002 -20"><span class='ocrx_word' id='word_1_139' title='bbox 153 2234 376 2298; x_wconf 91' lang='lat' dir='ltr'>denuo</span> <span class='ocrx_word' id='word_1_140' title='bbox 423 2235 733 2297; x_wconf 89' lang='lat' dir='ltr'>moneret.</span> <span class='ocrx_word' id='word_1_141' title='bbox 828 2232 900 2295; x_wconf 89' lang='lat' dir='ltr'>In</span> <span class='ocrx_word' id='word_1_142' title='bbox 946 2251 1020 2297; x_wconf 92' lang='lat' dir='ltr'>eo</span> <span class='ocrx_word' id='word_1_143' title='bbox 1070 2237 1285 2297; x_wconf 90' lang='lat' dir='ltr'>autem</span> <span class='ocrx_word' id='word_1_144' title='bbox 1339 2251 1466 2298; x_wconf 90' lang='lat' dir='ltr'>non</span> <span class='ocrx_word' id='word_1_145' title='bbox 1514 2233 1611 2298; x_wconf 87' lang='lat' dir='ltr'>ita</span> <span class='ocrx_word' id='word_1_146' title='bbox 1654 2233 1997 2316; x_wconf 90' lang='lat' dir='ltr'>haeserim‚</span> <span class='ocrx_word' id='word_1_147' title='bbox 2058 2234 2229 2315; x_wconf 87' lang='lat' dir='ltr'>quod</span> <span class='ocrx_word' id='word_1_148' title='bbox 2285 2234 2513 2301; x_wconf 90' lang='lat' dir='ltr'>ultima</span> 
     </span>
     <span class='ocr_line' id='line_1_19' title="bbox 152 2337 2512 2424; baseline 0.002 -21"><span class='ocrx_word' id='word_1_149' title='bbox 152 2340 334 2404; x_wconf 90' lang='lat' dir='ltr'>dona</span> <span class='ocrx_word' id='word_1_150' title='bbox 382 2357 548 2420; x_wconf 90' lang='lat' dir='ltr'>quae</span> <span class='ocrx_word' id='word_1_151' title='bbox 603 2339 669 2402; x_wconf 91' lang='lat' dir='ltr'>in</span> <span class='ocrx_word' id='word_1_152' title='bbox 731 2339 977 2404; x_wconf 89' lang='lat' dir='ltr'>cineres</span> <span class='ocrx_word' id='word_1_153' title='bbox 1035 2337 1330 2404; x_wconf 88' lang='lat' dir='ltr'>feruntur</span> <span class='ocrx_word' id='word_1_154' title='bbox 1388 2341 1663 2422; x_wconf 84' lang='lat' dir='ltr'>legimus</span> <span class='ocrx_word' id='word_1_155' title='bbox 1721 2345 1991 2406; x_wconf 88' lang='lat' dir='ltr'>matrem</span> <span class='ocrx_word' id='word_1_156' title='bbox 2053 2340 2284 2407; x_wconf 90' lang='lat' dir='ltr'>tulisse</span> <span class='ocrx_word' id='word_1_157' title='bbox 2340 2344 2512 2424; x_wconf 90' lang='lat' dir='ltr'>apud</span> 
     </span>
     <span class='ocr_line' id='line_1_20' title="bbox 152 2445 2509 2533; baseline 0.002 -22"><span class='ocrx_word' id='word_1_158' title='bbox 152 2446 481 2526; x_wconf 86' lang='lat' dir='ltr'>Ovidium,</span> <span class='ocrx_word' id='word_1_159' title='bbox 553 2463 694 2510; x_wconf 91' lang='lat' dir='ltr'>cum</span> <span class='ocrx_word' id='word_1_160' title='bbox 755 2445 1046 2511; x_wconf 90' lang='lat' dir='ltr'>Tibullus</span> <span class='ocrx_word' id='word_1_161' title='bbox 1109 2451 1370 2528; x_wconf 86' lang='lat' dir='ltr'>optaret</span> <span class='ocrx_word' id='word_1_162' title='bbox 1423 2451 1497 2512; x_wconf 89' lang='lat' dir='ltr'>ut</span> <span class='ocrx_word' id='word_1_163' title='bbox 1562 2466 1747 2514; x_wconf 88' lang='lat' dir='ltr'>soror</span> <span class='ocrx_word' id='word_1_164' title='bbox 1801 2448 1870 2514; x_wconf 89' lang='lat' dir='ltr'>id</span> <span class='ocrx_word' id='word_1_165' title='bbox 1924 2445 2186 2514; x_wconf 90' lang='lat' dir='ltr'>faceret.</span> <span class='ocrx_word' id='word_1_166' title='bbox 2284 2449 2509 2533; x_wconf 89' lang='lat' dir='ltr'>Neque</span> 
     </span>
     <span class='ocr_line' id='line_1_21' title="bbox 151 2552 2512 2638; baseline 0.002 -19"><span class='ocrx_word' id='word_1_167' title='bbox 151 2555 332 2619; x_wconf 89' lang='lat' dir='ltr'>enim</span> <span class='ocrx_word' id='word_1_168' title='bbox 381 2552 648 2619; x_wconf 88' lang='lat' dir='ltr'>Ovidius</span> <span class='ocrx_word' id='word_1_169' title='bbox 715 2553 1004 2619; x_wconf 89' lang='lat' dir='ltr'>chartam</span> <span class='ocrx_word' id='word_1_170' title='bbox 1074 2554 1252 2619; x_wconf 90' lang='lat' dir='ltr'>illam</span> <span class='ocrx_word' id='word_1_171' title='bbox 1312 2554 1740 2621; x_wconf 88' lang='lat' dir='ltr'>Tibullianam</span> <span class='ocrx_word' id='word_1_172' title='bbox 1811 2556 1954 2638; x_wconf 88' lang='lat' dir='ltr'>ipse</span> <span class='ocrx_word' id='word_1_173' title='bbox 2024 2557 2369 2638; x_wconf 85' lang='lat' dir='ltr'>explicavit</span> <span class='ocrx_word' id='word_1_174' title='bbox 2439 2563 2512 2624; x_wconf 93' lang='lat' dir='ltr'>ut</span> 
     </span>
     <span class='ocr_line' id='line_1_22' title="bbox 151 2660 2507 2744; baseline 0.002 -18"><span class='ocrx_word' id='word_1_175' title='bbox 151 2664 463 2726; x_wconf 84' lang='lat' dir='ltr'>accurate</span> <span class='ocrx_word' id='word_1_176' title='bbox 511 2679 676 2742; x_wconf 90' lang='lat' dir='ltr'>quae</span> <span class='ocrx_word' id='word_1_177' title='bbox 723 2660 836 2725; x_wconf 91' lang='lat' dir='ltr'>ille</span> <span class='ocrx_word' id='word_1_178' title='bbox 882 2661 1236 2741; x_wconf 88' lang='lat' dir='ltr'>scripserat</span> <span class='ocrx_word' id='word_1_179' title='bbox 1281 2662 1529 2743; x_wconf 87' lang='lat' dir='ltr'>legeret</span> <span class='ocrx_word' id='word_1_180' title='bbox 1563 2668 1631 2728; x_wconf 90' lang='lat' dir='ltr'>et</span> <span class='ocrx_word' id='word_1_181' title='bbox 1675 2663 1879 2744; x_wconf 90' lang='lat' dir='ltr'>ipsius</span> <span class='ocrx_word' id='word_1_182' title='bbox 1916 2663 2183 2727; x_wconf 89' lang='lat' dir='ltr'>carmini</span> <span class='ocrx_word' id='word_1_183' title='bbox 2218 2682 2331 2729; x_wconf 88' lang='lat' dir='ltr'>suo</span> <span class='ocrx_word' id='word_1_184' title='bbox 2364 2664 2507 2730; x_wconf 92' lang='lat' dir='ltr'>loco</span> 
     </span>
     <span class='ocr_line' id='line_1_23' title="bbox 149 2768 2508 2854; baseline 0.002 -23"><span class='ocrx_word' id='word_1_185' title='bbox 149 2769 484 2832; x_wconf 89' lang='lat' dir='ltr'>insereret</span> <span class='ocrx_word' id='word_1_186' title='bbox 529 2768 612 2833; x_wconf 93' lang='lat' dir='ltr'>ad</span> <span class='ocrx_word' id='word_1_187' title='bbox 659 2768 944 2849; x_wconf 81' lang='lat' dir='ltr'>verbum,</span> <span class='ocrx_word' id='word_1_188' title='bbox 990 2769 1103 2834; x_wconf 90' lang='lat' dir='ltr'>sed</span> <span class='ocrx_word' id='word_1_189' title='bbox 1135 2771 1512 2835; x_wconf 89' lang='lat' dir='ltr'>recordatus</span> <span class='ocrx_word' id='word_1_190' title='bbox 1562 2770 1749 2835; x_wconf 90' lang='lat' dir='ltr'>modo</span> <span class='ocrx_word' id='word_1_191' title='bbox 1798 2770 1936 2835; x_wconf 89' lang='lat' dir='ltr'>eius</span> <span class='ocrx_word' id='word_1_192' title='bbox 1986 2788 2176 2851; x_wconf 90' lang='lat' dir='ltr'>quam</span> <span class='ocrx_word' id='word_1_193' title='bbox 2226 2771 2508 2854; x_wconf 89' lang='lat' dir='ltr'>descrip-</span> 
     </span>
     <span class='ocr_line' id='line_1_24' title="bbox 150 2874 2504 2943; baseline 0.001 -3"><span class='ocrx_word' id='word_1_194' title='bbox 150 2881 339 2941; x_wconf 88' lang='lat' dir='ltr'>serat</span> <span class='ocrx_word' id='word_1_195' title='bbox 397 2874 687 2940; x_wconf 90' lang='lat' dir='ltr'>Tibullus</span> <span class='ocrx_word' id='word_1_196' title='bbox 761 2875 1153 2942; x_wconf 88' lang='lat' dir='ltr'>condicionis</span> <span class='ocrx_word' id='word_1_197' title='bbox 1225 2876 1292 2941; x_wconf 93' lang='lat' dir='ltr'>in</span> <span class='ocrx_word' id='word_1_198' title='bbox 1363 2877 1729 2943; x_wconf 85' lang='lat' dir='ltr'>universum</span> <span class='ocrx_word' id='word_1_199' title='bbox 1801 2876 1964 2943; x_wconf 86' lang='lat' dir='ltr'>satis</span> <span class='ocrx_word' id='word_1_200' title='bbox 2030 2875 2261 2943; x_wconf 91' lang='lat' dir='ltr'>habuit</span> <span class='ocrx_word' id='word_1_201' title='bbox 2326 2877 2504 2942; x_wconf 88' lang='lat' dir='ltr'>illam</span> 
     </span>
     <span class='ocr_line' id='line_1_25' title="bbox 149 2981 2507 3067; baseline 0.001 -19"><span class='ocrx_word' id='word_1_202' title='bbox 149 2987 489 3065; x_wconf 88' lang='lat' dir='ltr'>repetere;</span> <span class='ocrx_word' id='word_1_203' title='bbox 543 3001 744 3065; x_wconf 90' lang='lat' dir='ltr'>quare</span> <span class='ocrx_word' id='word_1_204' title='bbox 790 2981 980 3048; x_wconf 85' lang='lat' dir='ltr'>facile</span> <span class='ocrx_word' id='word_1_205' title='bbox 1027 2981 1170 3047; x_wconf 84' lang='lat' dir='ltr'>fieri</span> <span class='ocrx_word' id='word_1_206' title='bbox 1219 2984 1434 3065; x_wconf 89' lang='lat' dir='ltr'>potuit</span> <span class='ocrx_word' id='word_1_207' title='bbox 1479 2988 1555 3049; x_wconf 89' lang='lat' dir='ltr'>ut</span> <span class='ocrx_word' id='word_1_208' title='bbox 1604 2982 1967 3050; x_wconf 89' lang='lat' dir='ltr'>differentia</span> <span class='ocrx_word' id='word_1_209' title='bbox 2000 2984 2315 3067; x_wconf 89' lang='lat' dir='ltr'>quaedam</span> <span class='ocrx_word' id='word_1_210' title='bbox 2346 2984 2507 3050; x_wconf 86' lang='lat' dir='ltr'>levis</span> 
     </span>
     <span class='ocr_line' id='line_1_26' title="bbox 148 3092 504 3172; baseline -0.006 -17"><span class='ocrx_word' id='word_1_211' title='bbox 148 3092 504 3172; x_wconf 89' lang='lat' dir='ltr'>irreperet.</span> 
     </span>
    </p>

    <p class='ocr_par' dir='ltr' id='par_1_4' title="bbox 146 3195 2506 4351">
     <span class='ocr_line' id='line_1_27' title="bbox 340 3195 2506 3280; baseline 0.001 -18"><span class='ocrx_word' id='word_1_212' title='bbox 340 3196 470 3262; x_wconf 88' lang='lat' dir='ltr'>Sed</span> <span class='ocrx_word' id='word_1_213' title='bbox 517 3213 594 3260; x_wconf 92' lang='lat' dir='ltr'>ea</span> <span class='ocrx_word' id='word_1_214' title='bbox 641 3214 808 3277; x_wconf 88' lang='lat' dir='ltr'>quae</span> <span class='ocrx_word' id='word_1_215' title='bbox 855 3200 1212 3279; x_wconf 91' lang='lat' dir='ltr'>sequuntur</span> <span class='ocrx_word' id='word_1_216' title='bbox 1243 3195 1326 3279; x_wconf 85' lang='lat' dir='ltr'>(v.</span> <span class='ocrx_word' id='word_1_217' title='bbox 1366 3196 1658 3279; x_wconf 85' lang='lat'>53—58)</span> <span class='ocrx_word' id='word_1_218' title='bbox 1707 3198 2035 3280; x_wconf 85' lang='lat' dir='ltr'>graviores</span> <span class='ocrx_word' id='word_1_219' title='bbox 2069 3198 2506 3265; x_wconf 89' lang='lat' dir='ltr'>dubitationes</span> 
     </span>
     <span class='ocr_line' id='line_1_28' title="bbox 147 3301 2503 3375; baseline 0.001 -5"><span class='ocrx_word' id='word_1_220' title='bbox 147 3307 450 3370; x_wconf 88' lang='lat' dir='ltr'>movent:</span> <span class='ocrx_word' id='word_1_221' title='bbox 502 3306 826 3367; x_wconf 84' lang='lat' dir='ltr'>certantes</span> <span class='ocrx_word' id='word_1_222' title='bbox 876 3301 1140 3369; x_wconf 88' lang='lat' dir='ltr'>Ovidius</span> <span class='ocrx_word' id='word_1_223' title='bbox 1187 3302 1344 3369; x_wconf 88' lang='lat' dir='ltr'>facit</span> <span class='ocrx_word' id='word_1_224' title='bbox 1389 3302 1646 3369; x_wconf 87' lang='lat' dir='ltr'>Deliam</span> <span class='ocrx_word' id='word_1_225' title='bbox 1694 3310 1759 3369; x_wconf 90' lang='lat' dir='ltr'>et</span> <span class='ocrx_word' id='word_1_226' title='bbox 1792 3304 2115 3371; x_wconf 87' lang='lat' dir='ltr'>Nemesim</span> <span class='ocrx_word' id='word_1_227' title='bbox 2164 3306 2230 3372; x_wconf 92' lang='lat' dir='ltr'>in</span> <span class='ocrx_word' id='word_1_228' title='bbox 2277 3304 2503 3375; x_wconf 89' lang='lat' dir='ltr'>funere</span> 
     </span>
     <span class='ocr_line' id='line_1_29' title="bbox 149 3408 2504 3495; baseline 0.001 -19"><span class='ocrx_word' id='word_1_229' title='bbox 149 3411 401 3477; x_wconf 90' lang='lat' dir='ltr'>Tibulli</span> <span class='ocrx_word' id='word_1_230' title='bbox 449 3416 598 3475; x_wconf 89' lang='lat' dir='ltr'>utra</span> <span class='ocrx_word' id='word_1_231' title='bbox 644 3409 894 3475; x_wconf 88' lang='lat' dir='ltr'>felicior</span> <span class='ocrx_word' id='word_1_232' title='bbox 938 3409 1134 3475; x_wconf 87' lang='lat' dir='ltr'>fuerit</span> <span class='ocrx_word' id='word_1_233' title='bbox 1180 3410 1246 3474; x_wconf 92' lang='lat' dir='ltr'>in</span> <span class='ocrx_word' id='word_1_234' title='bbox 1294 3408 1469 3476; x_wconf 90' lang='lat' dir='ltr'>illius</span> <span class='ocrx_word' id='word_1_235' title='bbox 1519 3429 1768 3477; x_wconf 88' lang='lat' dir='ltr'>amore:</span> <span class='ocrx_word' id='word_1_236' title='bbox 1818 3411 2068 3477; x_wconf 91' lang='lat' dir='ltr'>Deliam</span> <span class='ocrx_word' id='word_1_237' title='bbox 2117 3413 2504 3495; x_wconf 89' lang='lat' dir='ltr'>gloriantem</span> 
     </span>
     <span class='ocr_line' id='line_1_30' title="bbox 147 3518 2503 3604; baseline 0 -19"><span class='ocrx_word' id='word_1_238' title='bbox 147 3521 332 3604; x_wconf 92' lang='lat' dir='ltr'>quod</span> <span class='ocrx_word' id='word_1_239' title='bbox 392 3519 605 3584; x_wconf 88' lang='lat' dir='ltr'>vivum</span> <span class='ocrx_word' id='word_1_240' title='bbox 661 3520 1079 3599; x_wconf 87' lang='lat' dir='ltr'>adamaverit,</span> <span class='ocrx_word' id='word_1_241' title='bbox 1151 3518 1321 3600; x_wconf 91' lang='lat' dir='ltr'>quod</span> <span class='ocrx_word' id='word_1_242' title='bbox 1377 3518 1713 3584; x_wconf 89' lang='lat' dir='ltr'>morientis</span> <span class='ocrx_word' id='word_1_243' title='bbox 1776 3536 2034 3583; x_wconf 90' lang='lat' dir='ltr'>manum</span> <span class='ocrx_word' id='word_1_244' title='bbox 2100 3519 2503 3586; x_wconf 88' lang='lat' dir='ltr'>deficientem</span> 
     </span>
     <span class='ocr_line' id='line_1_31' title="bbox 147 3625 2502 3708; baseline -0.002 -13"><span class='ocrx_word' id='word_1_245' title='bbox 147 3627 447 3695; x_wconf 88' lang='lat' dir='ltr'>tenuerit</span> <span class='ocrx_word' id='word_1_246' title='bbox 500 3626 847 3692; x_wconf 87' lang='lat' dir='ltr'>Nemesim.</span> <span class='ocrx_word' id='word_1_247' title='bbox 962 3626 1248 3691; x_wconf 88' lang='lat' dir='ltr'>Haecine</span> <span class='ocrx_word' id='word_1_248' title='bbox 1303 3625 1498 3690; x_wconf 89' lang='lat' dir='ltr'>rebus</span> <span class='ocrx_word' id='word_1_249' title='bbox 1556 3626 1987 3705; x_wconf 81' lang='lat' dir='ltr'>respondent?</span> <span class='ocrx_word' id='word_1_250' title='bbox 2040 3626 2169 3690; x_wconf 88' lang='lat' dir='ltr'>iam</span> <span class='ocrx_word' id='word_1_251' title='bbox 2225 3626 2502 3708; x_wconf 89' lang='lat' dir='ltr'>primum</span> 
     </span>
     <span class='ocr_line' id='line_1_32' title="bbox 149 3730 2503 3816; baseline -0.002 -13"><span class='ocrx_word' id='word_1_252' title='bbox 149 3736 418 3803; x_wconf 91' lang='lat' dir='ltr'>omnino</span> <span class='ocrx_word' id='word_1_253' title='bbox 466 3739 807 3816; x_wconf 90' lang='lat' dir='ltr'>utramque</span> <span class='ocrx_word' id='word_1_254' title='bbox 852 3733 1107 3799; x_wconf 90' lang='lat' dir='ltr'>Deliam</span> <span class='ocrx_word' id='word_1_255' title='bbox 1166 3738 1232 3798; x_wconf 90' lang='lat' dir='ltr'>et</span> <span class='ocrx_word' id='word_1_256' title='bbox 1279 3732 1606 3797; x_wconf 89' lang='lat' dir='ltr'>Nemesim</span> <span class='ocrx_word' id='word_1_257' title='bbox 1663 3731 1813 3796; x_wconf 91' lang='lat' dir='ltr'>huic</span> <span class='ocrx_word' id='word_1_258' title='bbox 1865 3730 2077 3797; x_wconf 83' lang='lat' dir='ltr'>funeri</span> <span class='ocrx_word' id='word_1_259' title='bbox 2130 3732 2503 3800; x_wconf 86' lang='lat' dir='ltr'>interfuisse</span> 
     </span>
     <span class='ocr_line' id='line_1_33' title="bbox 149 3839 2502 3924; baseline -0.001 -15"><span class='ocrx_word' id='word_1_260' title='bbox 149 3843 538 3909; x_wconf 75' lang='lat' dir='ltr'>credamus?</span> <span class='ocrx_word' id='word_1_261' title='bbox 654 3841 865 3923; x_wconf 89' lang='lat' dir='ltr'>Atque</span> <span class='ocrx_word' id='word_1_262' title='bbox 935 3840 1253 3905; x_wconf 90' lang='lat' dir='ltr'>Tibullum</span> <span class='ocrx_word' id='word_1_263' title='bbox 1328 3839 1584 3922; x_wconf 91' lang='lat' dir='ltr'>quidem</span> <span class='ocrx_word' id='word_1_264' title='bbox 1656 3842 1791 3903; x_wconf 92' lang='lat' dir='ltr'>tum</span> <span class='ocrx_word' id='word_1_265' title='bbox 1863 3839 2048 3922; x_wconf 85' lang='lat' dir='ltr'>(eleg.</span> <span class='ocrx_word' id='word_1_266' title='bbox 2084 3839 2203 3924; x_wconf 91' lang='lat'>111)</span> <span class='ocrx_word' id='word_1_267' title='bbox 2275 3845 2502 3921; x_wconf 87' lang='lat' dir='ltr'>optare</span> 
     </span>
     <span class='ocr_line' id='line_1_34' title="bbox 146 3945 2497 4032; baseline -0.001 -18"><span class='ocrx_word' id='word_1_268' title='bbox 146 3950 449 4032; x_wconf 89' lang='lat' dir='ltr'>potuisse</span> <span class='ocrx_word' id='word_1_269' title='bbox 494 3953 568 4013; x_wconf 94' lang='lat' dir='ltr'>ut</span> <span class='ocrx_word' id='word_1_270' title='bbox 614 3948 800 4013; x_wconf 91' lang='lat' dir='ltr'>Delia</span> <span class='ocrx_word' id='word_1_271' title='bbox 845 3948 1145 4012; x_wconf 88' lang='lat' dir='ltr'>morienti</span> <span class='ocrx_word' id='word_1_272' title='bbox 1193 3946 1315 4012; x_wconf 88' lang='lat' dir='ltr'>sibi</span> <span class='ocrx_word' id='word_1_273' title='bbox 1363 3945 1623 4011; x_wconf 89' lang='lat' dir='ltr'>adesset</span> <span class='ocrx_word' id='word_1_274' title='bbox 1668 3964 1796 4010; x_wconf 91' lang='lat' dir='ltr'>non</span> <span class='ocrx_word' id='word_1_275' title='bbox 1829 3950 1930 4010; x_wconf 89' lang='lat' dir='ltr'>est</span> <span class='ocrx_word' id='word_1_276' title='bbox 1972 3946 2142 4027; x_wconf 91' lang='lat' dir='ltr'>quod</span> <span class='ocrx_word' id='word_1_277' title='bbox 2171 3947 2497 4028; x_wconf 85' lang='lat' dir='ltr'>miremur,</span> 
     </span>
     <span class='ocr_line' id='line_1_35' title="bbox 149 4053 2500 4134; baseline -0.001 -12"><span class='ocrx_word' id='word_1_278' title='bbox 149 4076 333 4122; x_wconf 92' lang='lat' dir='ltr'>cum·</span> <span class='ocrx_word' id='word_1_279' title='bbox 365 4074 617 4121; x_wconf 89' lang='lat' dir='ltr'>amores</span> <span class='ocrx_word' id='word_1_280' title='bbox 673 4056 850 4120; x_wconf 92' lang='lat' dir='ltr'>nullo</span> <span class='ocrx_word' id='word_1_281' title='bbox 909 4056 1098 4121; x_wconf 88' lang='lat' dir='ltr'>modo</span> <span class='ocrx_word' id='word_1_282' title='bbox 1155 4055 1268 4120; x_wconf 91' lang='lat' dir='ltr'>illo</span> <span class='ocrx_word' id='word_1_283' title='bbox 1323 4059 1615 4134; x_wconf 89' lang='lat' dir='ltr'>tempore</span> <span class='ocrx_word' id='word_1_284' title='bbox 1672 4053 1917 4119; x_wconf 89' lang='lat' dir='ltr'>turbati</span> <span class='ocrx_word' id='word_1_285' title='bbox 1979 4058 2213 4119; x_wconf 88' lang='lat' dir='ltr'>essent.</span> <span class='ocrx_word' id='word_1_286' title='bbox 2316 4054 2500 4120; x_wconf 89' lang='lat' dir='ltr'>Hanc</span> 
     </span>
     <span class='ocr_line' id='line_1_36' title="bbox 149 4158 2497 4248; baseline -0.002 -20"><span class='ocrx_word' id='word_1_287' title='bbox 149 4169 377 4228; x_wconf 90' lang='lat' dir='ltr'>autem</span> <span class='ocrx_word' id='word_1_288' title='bbox 423 4181 479 4226; x_wconf 92' lang='lat' dir='ltr'>a.</span> <span class='ocrx_word' id='word_1_289' title='bbox 519 4160 764 4248; x_wconf 80' lang='lat' dir='ltr'>735s19</span> <span class='ocrx_word' id='word_1_290' title='bbox 814 4180 1042 4229; x_wconf 82' lang='lat' dir='ltr'>revera</span> <span class='ocrx_word' id='word_1_291' title='bbox 1087 4180 1456 4245; x_wconf 86' lang='lat' dir='ltr'>supremum</span> <span class='ocrx_word' id='word_1_292' title='bbox 1505 4158 1785 4227; x_wconf 85' lang='lat' dir='ltr'>officium</span> <span class='ocrx_word' id='word_1_293' title='bbox 1820 4162 1877 4225; x_wconf 91' lang='lat' dir='ltr'>ei</span> <span class='ocrx_word' id='word_1_294' title='bbox 1910 4160 2318 4243; x_wconf 88' lang='lat' dir='ltr'>praestitisse</span> <span class='ocrx_word' id='word_1_295' title='bbox 2353 4162 2497 4244; x_wconf 90' lang='lat' dir='ltr'>quis</span> 
     </span>
     <span class='ocr_line' id='line_1_37' title="bbox 151 4270 2498 4351; baseline -0.001 -14"><span class='ocrx_word' id='word_1_296' title='bbox 151 4271 401 4351; x_wconf 89' lang='lat' dir='ltr'>credat,</span> <span class='ocrx_word' id='word_1_297' title='bbox 454 4287 594 4334; x_wconf 90' lang='lat' dir='ltr'>cum</span> <span class='ocrx_word' id='word_1_298' title='bbox 641 4270 900 4335; x_wconf 88' lang='lat' dir='ltr'>interim</span> <span class='ocrx_word' id='word_1_299' title='bbox 935 4272 1340 4336; x_wconf 89' lang='lat' dir='ltr'>condiciones</span> <span class='ocrx_word' id='word_1_300' title='bbox 1373 4287 1639 4351; x_wconf 88' lang='lat' dir='ltr'>prorsus</span> <span class='ocrx_word' id='word_1_301' title='bbox 1671 4273 1957 4334; x_wconf 90' lang='lat' dir='ltr'>mutatae</span> <span class='ocrx_word' id='word_1_302' title='bbox 1990 4273 2224 4350; x_wconf 87' lang='lat' dir='ltr'>essent,</span> <span class='ocrx_word' id='word_1_303' title='bbox 2266 4286 2498 4351; x_wconf 90' lang='lat' dir='ltr'>nempe</span> 
     </span>
    </p>
   </div>
  </div>
 </body>
</html>
