3075 5100
485 333 570 396 42

483 511 784 577 dederat:
846 530 1010 593 quae
1056 530 1138 577 ne
1197 512 1458 579 admisit
1514 514 1772 594 quidem
1834 515 2133 582 divitiore
2192 522 2481 582 amatore
2543 517 2827 582 irretita.

483 619 770 684 Haecine
839 637 1222 701 quamquam
1295 626 1677 702 argumenta
1744 627 1929 686 erant
1996 624 2383 690 carminibus
2443 623 2830 689 Tibullianis

486 725 755 790 decebat
786 724 1080 792 Ovidium
1128 727 1193 791 in
1243 728 1529 809 epicedio
1579 728 1926 809 illustrare,
1977 729 2217 810 quippe
2264 747 2429 811 quae
2476 730 2619 811 ipse
2664 731 2830 796 satis

485 833 756 913 noverit,
805 833 1102 902 noverint
1133 832 1179 898 ii
1226 835 1290 898 in
1325 853 1595 915 quorum
1625 853 1811 900 usum
1841 837 1963 902 hoc
2008 837 2311 918 scripsit?
2380 836 2581 902 Immo
2628 837 2829 902 inter-

485 937 608 1003 fuit
652 959 816 1021 quae
873 941 955 1004 ad
1001 939 1198 1005 vitam
1256 959 1506 1006 amores
1563 943 1847 1007 carmina
1895 942 2133 1007 Tibulli
2190 942 2607 1024 pertinebant
2662 943 2831 1008 dura

487 1047 710 1129 lenire,
761 1048 995 1112 acerba
1041 1047 1311 1112 reddere
1360 1049 1591 1129 dulcia,
1653 1068 1729 1114 ex
1786 1049 2087 1114 suavibus
2142 1049 2525 1115 suavissima
2580 1049 2831 1130 eligere

493 1191 569 1198 -—
622 1159 696 1218 ut
741 1153 1026 1218 breviter
1073 1154 1280 1218 dicam
1327 1191 1414 1200 —-
1459 1160 1781 1221 mortuum
1831 1155 2151 1220 Tibullum
2199 1161 2268 1220 et
2312 1157 2637 1221 hominem
2696 1156 2829 1222 8111-

488 1279 702 1325 cerum
751 1266 816 1324 et
860 1264 1121 1340 poetam
1167 1260 1569 1341 ingeniosum
1617 1262 1829 1343 specie
1877 1263 2091 1328 nescio
2148 1279 2277 1344 qua
2323 1262 2522 1326 divini
2570 1263 2829 1328 0111616.

487 1366 562 1432 111
632 1385 760 1448 (1116
829 1365 1264 1447 descriptione
1332 1368 1492 1432 nihil
1550 1373 1730 1433 extat
1784 1368 1929 1448 vile,
1987 1369 2150 1434 nihil
2208 1369 2379 1451 quod
2435 1367 2537 1434 vel
2599 1368 2831 1434 Ovidio

489 1472 592 1538 vel
640 1472 891 1537 Tibullo
938 1472 1271 1554 indignum
1318 1475 1422 1554 sit,
1473 1475 1666 1540 immo
1716 1477 1929 1541 omnia
1976 1476 2188 1542 Ovidii
2238 1481 2305 1541 et
2360 1479 2569 1541 artem
2622 1476 2835 1556 poeti-

489 1597 627 1644 cam
684 1583 750 1644 et
804 1579 1244 1644 vehementem
1300 1582 1471 1662 quod
1523 1582 1699 1647 illius
1755 1600 1826 1648 os
1882 1583 2065 1664 prius
2110 1601 2304 1665 quam
2349 1600 2468 1662 par
2514 1586 2663 1647 erat
2718 1583 2835 1646 ob-

486 1685 796 1750 mutuerit
841 1685 1126 1759 dolorem
1173 1687 1441 1768 spirant.
1536 1689 2031 1771 Respiciendum
2078 1695 2178 1755 est
2224 1689 2422 1769 igitur
2470 1707 2547 1754 ex
2594 1693 2835 1753 natura

489 1791 678 1856 huius
752 1793 1052 1859 carminis
1124 1813 1289 1876 quae
1353 1793 1505 1862 ficta
1560 1800 1711 1860 sunt
1768 1795 2147 1877 explicanda
2210 1813 2370 1875 esse,
2435 1799 2631 1876 atque
2687 1794 2835 1874 ipse

487 1899 566 1963 de
621 1898 722 1964 his
777 1898 980 1964 multo
1035 1901 1224 1982 plura
1270 1921 1460 1984 quam
1505 1903 1667 1966 satis
1724 1906 1865 1967 erat
1919 1903 2214 1983 disserui,
2276 1901 2445 1985 quod
2498 1901 2610 1982 qui
2666 1900 2833 1966 haec

487 2004 901 2086 interpretati
933 2013 1085 2072 sunt
1131 2026 1270 2073 cum
1319 2013 1522 2074 totum
1560 2027 1816 2074 carmen
1850 2027 2077 2090 parum
2125 2008 2525 2090 respicerent
2570 2026 2652 2072 ne
2698 2007 2834 2072 sin-

489 2111 642 2193 gula
697 2114 954 2193 quidem
1013 2134 1091 2180 ex
1139 2119 1439 2180 contextu
1487 2115 1789 2197 adempta
1835 2115 1991 2197 quid
2038 2115 2160 2180 sibi
2208 2114 2450 2180 vellent
2493 2113 2835 2194 intellege·

487 2217 664 2283 bant.
771 2220 985 2302 Atque
1057 2223 1393 2304 aptissime
1462 2239 1629 2302 quae
1686 2222 1752 2286 in
1809 2219 2023 2286 fronte
2077 2220 2553 2287 dissertationis
2608 2221 2835 2302 posuit

487 2326 618 2392 Leo
633 2325 674 2408 ¹)
745 2327 845 2391 vir
913 2328 1408 2395 humanissimus
1480 2328 1563 2392 ad
1632 2328 1753 2394 hoc
1823 2329 2157 2411 epicedion
2226 2326 2828 2392 accommodaveris.

489 2434 746 2499 Etenim
813 2434 1083 2500 Romani
1141 2453 1410 2516 quorum
1466 2435 1528 2498 in
1592 2453 1777 2500 usum
1842 2434 2107 2501 Ovidius
2160 2435 2282 2499 hoc
2338 2433 2629 2514 scripsit,
2686 2451 2831 2498 cum

489 2560 615 2607 non
663 2542 1038 2623 ignorarent
1066 2542 1320 2608 Deliam
1361 2548 1429 2608 et
1469 2541 1793 2608 Nemesim
1838 2561 1877 2606 a
1926 2541 2176 2608 Tibullo
2226 2539 2615 2606 carminibus
2665 2540 2830 2606 cele-

487 2651 709 2715 bratas
766 2668 908 2716 esse
955 2654 1022 2715 et
1047 2669 1192 2733 ‘quo
1239 2650 1454 2731 mode,
1506 2666 1633 2731 qua
1677 2648 1929 2715 ratione
1977 2648 2241 2714 Ovidius
2288 2647 2448 2713 illud
2500 2651 2829 2713 certamen

490 2757 879 2822 carminibus
937 2758 1316 2823 Tibullianis
1375 2776 1452 2822 ex
1505 2761 1693 2837 parte
1748 2774 2117 2838 repugnans
2174 2754 2629 2835 descripsisset
2682 2772 2829 2834 per-

491 2862 868 2944 spiciebant.
965 2865 1086 2943 Qui
1119 2865 1174 2929 si
1206 2884 1333 2931 non
1382 2864 1598 2944 potuit
1645 2878 1897 2928 sumere
1946 2880 2054 2926 eos
2101 2860 2211 2941 qui
2256 2859 2379 2925 hoc
2424 2860 2717 2940 legerent
2764 2864 2834 2923 et

492 2968 720 3033 Deliae
778 2976 844 3033 et
898 2970 1247 3037 Nemeseos
1305 2972 1405 3054 (ex
1461 2969 1647 3035 libris
1694 2969 1903 3051 primo
1960 2973 2027 3032 et
2072 2967 2351 3032 secundo
2401 2966 2528 3029 iam
2574 2966 2833 3047 pervul-

492 3076 685 3156 gatis)
735 3076 1031 3142 notitiam
1080 3078 1336 3154 habere,
1383 3076 1542 3141 haec
1590 3094 1736 3141 eum
1775 3093 1905 3141 non
1954 3075 2344 3156 scripturum
2391 3072 2590 3137 fuisse
2638 3076 2705 3137 et
2750 3090 2832 3135 116

491 3183 782 3262 1101111886
829 3184 1104 3265 quidem*
1133 3184 1415 3249 scribere
1463 3200 1842 3264 persuasum
1888 3181 2114 3246 1161160.

668 3290 754 3355 Α1
800 3290 1191 3355 recentiores
1241 3307 1382 3354 cum
1428 3309 1524 3355 vv.
1563 3290 1667 3355 31.
1704 3290 1787 3352 32
1836 3306 1962 3353 11011
2008 3292 2187 3353 16016
2232 3284 2704 3351 intellexissent
2750 3303 2831 3349 ex

491 3416 589 3461 vv.
642 3398 745 3461 57.
783 3398 864 3463 58
915 3397 1340 3479 colligendum
1388 3396 1707 3477 putabant
1760 3394 2083 3460 Nemesim
2149 3397 2565 3457 extremum
2632 3390 2833 3455 fuisse

494 3504 730 3571 Tibulli
782 3522 1093 3584 amorem;
1150 3505 1318 3569 hunc
1365 3508 1581 3568 autem
1630 3519 1910 3566 amorem
1958 3519 2038 3564 ne
2085 3498 2337 3563 finitum
2385 3497 2642 3579 quidem
2691 3515 2835 3561 esse

494 3616 561 3676 et
605 3611 837 3676 librum
885 3612 1233 3676 secundum
1281 3616 1355 3675 ut
1399 3608 1846 3692 imperfectum
1894 3626 1972 3672 ex
2018 3606 2271 3671 schedis
2321 3603 2702 3669 Tibullianis
2751 3603 2833 3667 ab

493 3718 740 3783 editore
807 3719 1080 3799 quodam
1129 3718 1195 3783 in
1243 3719 1447 3783 lucem
1497 3718 1799 3782 emissum
1848 3732 2007 3781 esse.
2111 3713 2199 3777 Et
2242 3728 2629 3793 quamquam
2676 3709 2834 3774 haec

495 3826 708 3907 opinio
754 3826 914 3907 ipsis
947 3826 1236 3891 versibus
1280 3828 1384 3890 31.
1425 3826 1506 3888 32
1556 3824 1635 3889 (16
1685 3822 1917 3905 (111111118
1964 3838 2162 3902 supra
2207 3817 2625 3884 disseruimus
2672 3816 2833 3883 satis

638 4003 683 4069 ¹)
720 4004 855 4067 „Die
892 4002 1156 4053 r6mischen
1194 4002 1431 4069 Eleqiker
1466 4003 1623 4051 haben
1660 4010 1776 4051 stets
1813 3999 1965 4048 Leser
2000 3998 2191 4060 qelzabt,
2239 3995 2323 4046 die
2368 3994 2462 4045 den
2500 3994 2710 4044 Dichter
2756 3992 2834 4043 als

495 4094 702 4143 Dichter
737 4094 891 4158 lasea,
928 4092 1085 4142 seiner
1121 4092 1288 4157 eiqnen
1339 4090 1496 4142 Weise
1544 4090 1843 4154 raachyinyen
1894 4089 1994 4139 und
2042 4086 2119 4135 bei
2154 4084 2508 4148 Beurtheiluny
2556 4100 2648 4131 von
2697 4080 2836 4131 Plan

497 4184 598 4233 und
642 4184 1064 4247 Zusammenhany
1111 4181 1204 4231 den
1255 4179 1527 4230 Charakter
1572 4178 1659 4227 der
1695 4176 2053 4241 Dichtyattunq
2099 4174 2149 4223 in
2198 4173 2440 4223 Betracht
2486 4189 2664 4238 zoqen3
2718 4172 2836 4219 aber

497 4273 600 4322 ihre
636 4274 882 4339 Exeyeten
917 4272 1036 4325 sind
1071 4270 1221 4322 selten
1258 4268 1418 4320 solche
1453 4268 1607 4318 Leser
1640 4270 1904 4333 yewesen.“
1942 4262 1979 4318 l.
2008 4262 2045 4316 l.
2070 4278 2125 4333 p.
2156 4264 2202 4315 l.
