3075 5100
2470 297 2555 360 39

183 469 618 551 cogitaverit,
667 489 792 534 non
841 470 1054 551 potuit
1101 468 1313 535 facere
1345 471 1500 551 quin
1533 489 1717 535 suum
1763 472 1826 534 in
1874 490 2081 552 usum,
2132 473 2246 537 sed
2292 473 2555 554 proprio

179 578 413 655 modo,
467 577 588 641 hoc
637 581 1058 642 converteret.
1149 576 1408 642 Adiecit
1452 578 1655 658 igitur
1700 577 1952 643 Deliam
1998 596 2271 660 quoque,
2332 574 2573 660 quam-'

184 698 395 762 quam
445 683 516 747 id
564 683 920 748 condicioni
967 701 1132 764 quae
1175 681 1301 748 fuit
1345 703 1404 748 a.
1441 681 1697 764 735s19
1748 684 1875 748 iam
1921 702 2048 748 non
2096 684 2551 766 respondebat.

185 787 328 854 Sed
377 808 510 854 non
567 808 759 854 unam
816 789 1054 854 adiecit
1107 790 1440 870 aptissime
1497 791 1782 873 quidem:
1842 809 2034 854 unam
2090 791 2146 854 si
2202 791 2552 856 adiecisset

189 895 464 958 Deliam
511 897 702 960 matri
750 900 817 960 et
863 897 1068 960 sorori
1114 897 1396 975 tertiam,
1443 897 1661 978 aliqua
1708 914 1786 960 ex
1831 901 2019 978 parte
2051 896 2280 975 oratio,
2332 915 2553 978 quam-

187 1020 396 1082 quam
431 1001 850 1082 descriptioni
885 1001 1284 1068 Tibullianae
1317 1002 1771 1084 respondebat,
1810 1002 2253 1068 claudicatura
2288 1001 2549 1083 fuisset3

190 1108 468 1188 etenim,
518 1112 589 1172 ut
634 1108 754 1172 hoc
799 1107 1074 1188 primum
1121 1128 1430 1190 moneam,
1487 1127 1627 1174 cum
1673 1109 1843 1174 binis
1880 1109 2167 1175 versibus
2216 1111 2325 1191 qui
2372 1128 2555 1191 spec-

187 1215 437 1278 tabant
483 1214 565 1278 ad
611 1219 883 1279 matrem
932 1219 998 1280 et
1047 1233 1331 1280 sororem
1385 1234 1685 1296 supremo
1743 1217 1807 1279 in
1869 1215 2049 1279 illum
2107 1214 2317 1282 officio
2375 1213 2553 1281 func-

192 1326 388 1386 turas
441 1320 822 1386 Tibullianis
869 1320 1008 1402 ipse
1054 1322 1239 1387 binos
1287 1322 1611 1388 sententia
1666 1320 2025 1386 simillimos
2088 1321 2553 1403 respondentes

191 1427 421 1490 facere
469 1431 691 1508 posset
747 1431 813 1492 et
857 1425 1120 1508 faceret,
1185 1428 1264 1491 de
1312 1427 1500 1493 Delia
1556 1427 1801 1509 aliquid
1856 1427 2005 1492 novi
2064 1429 2553 1510 excogitandum

193 1532 350 1613 fuit,
413 1551 556 1597 cum
605 1532 892 1598 Tibullus
941 1532 1086 1614 (III,
1119 1553 1176 1598 v.
1215 1535 1282 1615 9)
1334 1533 1453 1598 hoc
1500 1535 1943 1620 tantummodo
1994 1535 2233 1608 „Delia
2278 1559 2404 1600 non
2450 1561 2553 1599 us-

193 1648 439 1724 ςῑαατηιι
467 1639 712 1704 duobus
746 1639 856 1720 qui
889 1641 1359 1706 antecedebant
1383 1639 1677 1705 distichis
1712 1641 1995 1706 adiciens
2029 1645 2290 1722 tumque
2328 1643 2549 1708 statim

193 1747 282 1811 ad
321 1746 574 1811 Deliam
601 1765 680 1811 ex
704 1746 863 1810 urbe
896 1746 1106 1826 ipsum
1139 1747 1512 1828 priusquam
1550 1745 1919 1811 Messallam
1952 1752 2331 1828 sequeretur
2362 1747 2553 1812 comi—

191 1856 451 1916 tantem
502 1869 812 1932 sacraque
837 1851 1176 1918 facientem
1223 1870 1462 1934 parans
1509 1853 1856 1917 transitum
1906 1852 2075 1933 quod
2138 1853 2333 1918 vellet
2389 1853 2554 1918 hanc

194 1959 508 2022 morienti
543 1958 643 2023 vel
675 1963 926 2022 mortuo
959 1963 1297 2040 praestare
1331 1958 1422 2022 nil
1457 1958 1805 2024 attulisset.
1878 1958 2106 2040 Itaque
2142 1977 2283 2024 cum
2320 1959 2399 2024 de
2431 1960 2554 2024 hac

196 2066 346 2146 ipsa
396 2065 640 2145 aliquid
695 2063 1063 2144 fingendum
1121 2069 1312 2145 esset,
1373 2065 1543 2146 quod
1599 2065 1791 2132 rebus
1839 2071 1913 2130 ut
1958 2069 2096 2130 tum
2150 2064 2232 2140 (a.
2272 2060 2551 2149 735s19)

197 2177 393 2237 erant
421 2177 837 2252 repugnaret,
885 2190 1013 2236 non
1061 2171 1382 2236 dubitavit
1413 2172 1567 2252 quin
1602 2172 1923 2237 Nemesim
1960 2172 2234 2237 alterum
2271 2190 2551 2236 amorem

195 2277 506 2360 fingendo
558 2277 788 2342 ceteris
837 2278 1230 2359 adnecteret,
1281 2297 1667 2360 quamquam
1714 2278 1880 2344 hanc
1912 2297 2117 2360 aeque
2138 2269 2219 2322 '-—
2251 2283 2325 2341 ut
2360 2297 2551 2360 expo-

199 2384 450 2450 suimus
501 2419 582 2428 -—
634 2401 709 2447 ac
754 2383 1008 2447 Deliam
1055 2403 1160 2450 res
1207 2385 1389 2466 ipsae
1435 2388 1823 2452 abnuebant.
1934 2385 2117 2462 Quod
2174 2402 2315 2448 cum
2364 2401 2548 2450 excu-

197 2491 494 2570 sandum,
543 2493 681 2554 tum
729 2490 1117 2556 laudandum
1165 2497 1285 2572 est,
1344 2493 1496 2574 quia
1542 2492 1664 2558 hoc
1718 2492 1905 2558 modo
1954 2490 2218 2557 Ovidius
2267 2490 2549 2573 descrip-

196 2600 362 2663 tioni
410 2617 536 2662 non
584 2598 772 2663 modo
819 2598 910 2661 nil
956 2598 1177 2663 nocuit
1207 2599 1322 2665 sed
1355 2600 1480 2664 vim
1512 2600 1889 2665 necessitati
1936 2604 2264 2679 tamquam
2311 2617 2548 2680 parens

195 2686 775 2786 mirum'quantum
807 2705 1006 2769 auxit.
1078 2704 1334 2769 Etenim
1381 2707 1767 2786 praesertim
1795 2724 1936 2770 cum
1961 2723 2159 2786 supra
2190 2707 2269 2785 (v.
2296 2706 2547 2785 31.132)

194 2814 452 2877 Deliam
524 2817 590 2876 et
661 2811 983 2876 Nemesim
1062 2811 1452 2878 carminibus
1530 2818 1634 2877 sat
1708 2811 2108 2893 pervulgatis
2188 2810 2547 2877 celebratas

195 2921 442 2985 diserte
510 2918 858 2998 laudasset,
939 2916 1062 2983 hoc
1130 2918 1270 2982 loco
1342 2917 1595 2983 Deliam
1674 2935 2173 2983 commemorare
2243 2917 2543 2983 omittere

197 3025 528 3091 Nemesim
573 3022 756 3089 nefas
802 3023 942 3089 fuit.
1025 3024 1205 3103 Quod
1251 3042 1378 3088 non
1427 3025 1613 3089 modo
1648 3044 1724 3091 ex
1757 3024 2081 3089 sententia
2111 3025 2545 3089 necessarium

197 3132 542 3197 videbatur
589 3132 704 3196 sed
745 3129 992 3196 formae
1039 3148 1290 3212 quoque
1338 3149 1731 3214 magnopere
1762 3130 2025 3213 profuit.
2105 3130 2361 3195 Etenim
2404 3150 2547 3195 cum

197 3239 327 3303 iam
358 3242 670 3317 quattuor
714 3256 1029 3319 personae
1075 3243 1337 3319 praesto
1387 3243 1605 3303 essent
1650 3236 1997 3304 difficultas
2046 3238 2179 3317 illa,
2230 3238 2545 3319 quomodo

197 3344 389 3409 Delia
436 3344 634 3407 tertia
681 3344 928 3409 duobus
985 3344 1514 3408 antecedentibus
1574 3346 2046 3425 adnecteretur,
2106 3344 2364 3411 sublata
2420 3350 2543 3409 est.

199 3452 342 3516 Duo
389 3451 576 3530 paria
621 3449 809 3515 facile
841 3451 1225 3517 evadebant:
1278 3455 1488 3517 mater
1520 3456 1587 3515 et
1619 3470 1800 3516 soror
1832 3449 1934 3535 (ut
1966 3451 2137 3533 apud
2171 3449 2541 3531 Tibullum),

198 3556 390 3621 Delia
447 3562 514 3621 et
557 3556 870 3622 Nemesis.
967 3558 1178 3638 Atque
1225 3576 1442 3621 rerum
1489 3558 1939 3640 aequabilitati
1987 3555 2194 3622 forma
2240 3558 2540 3623 inservit:

201 3662 520 3728 distichon
567 3681 764 3726 unum
822 3663 992 3743 quod
1051 3663 1484 3729 condicionem
1533 3664 1815 3746 explicat
1872 3663 2050 3727 illam
2108 3663 2536 3729 Tibullianam

198 3771 260 3833 in
311 3767 524 3833 fronte
569 3769 850 3849 positum
900 3774 1001 3835 est
1049 3773 1174 3850 (vv.
1211 3772 1316 3843 47.
1353 3772 1484 3854 48),
1544 3774 1900 3852 sequuntur
1956 3769 2213 3849 singula
2270 3769 2549 3835 disticha

201 3876 283 3940 ad
329 3879 604 3939 matrem
653 3881 720 3940 et
765 3894 1050 3941 sororem
1081 3878 1478 3958 pertinentia
1509 3878 1595 3960 (v.
1632 3878 1734 3939 49.
1774 3878 1889 3954 503
1943 3876 2046 3938 51.
2086 3876 2225 3955 52):
2276 3876 2537 3957 quibus-

201 4001 342 4047 cum
391 3980 643 4046 Deliam
691 3987 759 4046 et
804 3982 1126 4048 Nemesim
1183 3984 1580 4049 consociatas
1636 3982 1834 4047 fuisse
1890 4000 2031 4048 cum
2078 4001 2203 4046 uno
2261 3981 2539 4046 disticho

202 4090 333 4171 (53.
365 4088 478 4171 54)
510 4087 873 4153 laudaverit
905 4088 1169 4155 Ovidius
1202 4091 1436 4156 iterum
1468 4090 1597 4153 iam
1631 4088 1901 4170 singulis
1934 4086 2226 4153 distichis
2262 4089 2399 4166 (55.
2429 4090 2542 4162 563

207 4200 308 4263 57.
345 4196 459 4279 58)
532 4194 686 4275 quid
731 4196 918 4261 Delia
986 4198 1141 4279 quid
1198 4196 1492 4263 Nemesis
1562 4196 1627 4261 in
1698 4195 1923 4259 funere
1992 4194 2264 4260 fecerint
2331 4193 2539 4278 fingit.
