3075 5100
491 347 576 408 46

489 523 695 587 tentia
751 541 824 588 eo
881 521 1048 603 quod
1105 522 1271 586 liber
1327 523 1643 587 secundus
1704 542 1828 588 non
1876 524 2055 589 brevi
2104 529 2255 590 ante
2302 525 2549 590 obitum
2596 532 2847 607 poetae

489 627 602 691 sed
642 627 1076 716 compluribus
1113 628 1296 693 annis
1332 633 1481 693 ante
1507 627 1832 693 confectus
1860 629 2230 712 publicique
2254 632 2417 695 iuris
2439 631 2648 697 factus
2692 651 2851 698 esse

487 735 760 798 videtur.
833 735 1015 813 Quod
1055 733 1310 817 quidem
1337 735 1547 800 critici
1591 739 1942 817 propterea
1972 755 2098 801 non
2146 737 2622 819 intellexerunt,
2658 739 2845 820 quod
2882 785 2889 791 -

486 841 746 906 Disseni
809 842 1108 923 opinione
1169 842 1274 924 (de
1321 842 1675 908 certamine
1723 843 1855 925 illo)
1906 844 2079 924 capti
2126 845 2447 924 putabant
2504 843 2849 909 Nemesim

489 952 839 1012 extremum
866 947 1102 1012 Tibulli
1127 966 1407 1012 amorem
1432 947 1649 1014 fuisse.
1719 948 1857 1013 Hoc
1890 953 2107 1014 autem
2140 948 2369 1015 falsum
2395 967 2539 1015 esse
2572 951 2849 1014 demon-

489 1052 727 1131 strabo,
777 1058 861 1133 et,
898 1055 953 1118 si
985 1053 1127 1119 fieri
1159 1059 1396 1135 potest,
1431 1072 1557 1136 quo
1589 1054 1727 1119 fere
1762 1073 1927 1119 anno
1975 1056 2140 1121 liber
2171 1057 2384 1121 editus
2418 1058 2504 1120 sit
2534 1057 2845 1121 omnibus

487 1178 653 1240 quae
667 1160 749 1225 ad
764 1179 900 1225 rem
915 1161 1244 1242 pertinere
1261 1161 1561 1226 videntur
1576 1162 1834 1228 auxiliis
1852 1162 2211 1243 adsumptis
2231 1161 2511 1243 probare
2528 1163 2839 1227 conabor.

666 1268 756 1331 Ac
826 1267 1103 1348 primum
1173 1267 1448 1349 quidem.
1500 1270 1671 1349 quod
1742 1269 1883 1349 ipse
1952 1268 2267 1333 Dissenus
2324 1268 2519 1332 sumit
2576 1287 2654 1333 ex
2700 1269 2843 1332 illis

489 1370 699 1437 Ovidii
763 1374 1074 1455 versibuS,
1134 1393 1434 1459 amorem,
1497 1377 1606 1458 qui
1654 1375 2105 1442 intercedebat
2158 1375 2329 1440 inter
2383 1373 2706 1439 Tibullum
2770 1379 2843 1438 et

369 1465 375 1469 ⁵
487 1481 829 1562 Nemesim,
879 1501 934 1546 a.
974 1482 1219 1557 735s19
1268 1500 1397 1546 non
1445 1481 1573 1546 iam
1619 1479 1871 1546 finitum
1919 1480 2137 1561 fuisse,
2184 1501 2311 1547 non
2358 1482 2547 1546 modo
2595 1500 2713 1562 per
2766 1499 2844 1546 se

485 1589 630 1654 ideo
698 1588 1088 1654 reiciendum
1147 1593 1248 1654 est
1301 1587 1470 1669 quod
1527 1606 1605 1652 ex
1660 1586 1813 1652 ficta
1870 1589 2195 1654 sententia
2250 1607 2439 1671 quam
2496 1607 2625 1653 non
2682 1605 2841 1669 per-

487 1696 699 1776 spexit
753 1695 864 1761 ille
919 1694 1163 1777 aliquid
1211 1695 1347 1760 veri
1415 1713 1645 1759 eruere
1704 1694 1969 1775 studuit,
2018 1697 2135 1761 sed
2182 1696 2377 1760 etiam
2425 1695 2621 1760 rebus
2669 1712 2835 1777 quas

485 1803 777 1867 novimus
818 1820 896 1867 ex
939 1801 1176 1867 Tibulli
1220 1801 1372 1865 libri
1421 1801 1687 1866 secundi
1720 1801 2111 1866 carminibus
2160 1820 2325 1883 quae
2374 1802 2451 1866 ad
2502 1800 2835 1866 Nemesim

485 1913 785 1990 spectant
838 1910 1170 1990 ipsiusque
1228 1907 1439 1973 Ovidii
1487 1925 1726 1989 genere
1772 1908 2025 1974 dicendi
2075 1906 2174 1991 (cf.
2200 1908 2245 1972 i.
2270 1927 2331 1988 p.
2362 1908 2471 1990 48)
2520 1907 2683 1972 satis
2728 1925 2836 1969 re-

482 2013 746 2080 fellitur.
841 2015 1096 2081 Etenim
1165 2032 1418 2080 amores
1485 2015 1597 2096 qui
1666 2015 2103 2098 depinguntur
2147 2015 2214 2079 in
2263 2032 2351 2079 cc.
2396 2012 2495 2078 111
2528 2013 2617 2078 IV
2650 2013 2707 2078 V
2740 2012 2838 2077 VI

483 2139 869 2204 quamquam
931 2121 1348 2204 pulcherrimi
1411 2122 1845 2203 descriptione
1913 2141 1987 2188 re
2042 2127 2177 2186 tam
2230 2120 2451 2186 miseri
2517 2123 2688 2198 sunt,
2756 2123 2834 2184 ut

483 2228 657 2293 credi
703 2247 832 2294 non
878 2228 1084 2309 possit
1131 2227 1454 2292 Tibullum
1499 2229 1567 2292 in
1612 2228 1735 2293 hoc
1788 2246 2007 2294 amore
2054 2228 2296 2294 diutius
2352 2245 2833 2308 perseverasse.

484 2334 570 2398 At
626 2335 682 2398 si
748 2335 892 2417 quis
947 2333 1117 2397 dicat
1173 2333 1351 2415 ipsas
1426 2336 1656 2400 horum
1715 2335 2065 2400 carminum
2122 2333 2525 2399 condiciones
2594 2352 2835 2414 magna

480 2437 758 2505 fortasse
807 2459 884 2506 ex
927 2445 1116 2522 parte
1162 2438 1346 2505 fictas
1394 2459 1555 2519 esse,
1607 2440 2064 2522 respondemus
2111 2440 2281 2504 idem
2329 2459 2404 2506 ac
2450 2458 2650 2522 supra
2698 2459 2834 2505 mo-

481 2546 736 2611 nuimus
793 2565 1048 2612 carmen
1107 2553 1459 2613 extremum
1516 2548 1607 2613 VI
1655 2566 1731 2613 ea
1778 2545 2039 2614 fictione
2088 2546 2511 2629 compositum
2559 2565 2704 2613 esse
2750 2552 2829 2611 ut

481 2653 572 2717 nil
619 2658 779 2734 post
833 2653 901 2718 id
971 2654 1393 2721 desideretur.
1495 2656 1700 2721 Poeta
1755 2656 2084 2736 videlicet,
2136 2672 2278 2719 cum
2325 2655 2405 2719 de
2450 2653 2714 2719 Nemesi
2762 2654 2832 2717 in

481 2759 756 2839 gratiam
791 2760 913 2825 sibi
943 2762 1343 2827 concilianda
1376 2761 1759 2843 desperaret
1789 2767 1857 2828 et
1885 2761 2122 2827 librum
2154 2761 2501 2827 secundum
2537 2759 2825 2824 carmine

480 2864 570 2929 VI
600 2863 850 2931 finisset
881 2867 964 2931 ad
997 2866 1159 2933 alias
1190 2886 1296 2931 res
1329 2885 1400 2933 se
1431 2868 1777 2933 convertit:
1814 2867 2151 2949 Glyceram
2185 2886 2405 2933 amare
2429 2871 2497 2932 et
2529 2866 2829 2930 carmini—

484 2970 604 3034 bus
630 2988 817 3037 orare
843 2973 1072 3053 coepit,
1103 2972 1422 3054 Sulpiciae
1448 2978 1516 3039 et
1530 2973 1822 3040 Cerinthi
1846 2992 2099 3040 amores
2114 2974 2272 3056 cycli
2286 2971 2494 3039 forma
2512 2971 2828 3054 depinxit.

484 3077 742 3143 Etenim
789 3078 837 3142 ii
867 3080 980 3160 qui
1014 3079 1362 3145 censebant
1394 3079 1731 3162 Glyceram
1765 3081 2034 3146 eandem
2083 3098 2225 3147 esse
2273 3084 2468 3161 atque
2499 3077 2830 3143 Nemesim

479 3203 607 3248 non
656 3186 818 3249 satis
867 3186 1147 3250 animum
1195 3186 1617 3251 attenderunt
1662 3187 1745 3251 ad
1790 3187 2049 3253 Horatii
2097 3205 2354 3252 carmen
2400 3185 2451 3265 1,
2480 3186 2587 3264 33,
2623 3187 2826 3247 1—4:

993 3293 1162 3367 Albi,
1213 3317 1288 3357 ne
1334 3293 1543 3358 doleas
1587 3293 1733 3379 plue
1778 3295 1975 3357 nimio
2022 3316 2259 3359 memor
2299 3320 2303 3325 ·

993 3402 1230 3465 inmitis
1275 3398 1589 3486 Glycerae,
1638 3424 1757 3466 neu
1804 3400 2183 3465 miserabiles

992 3510 1272 3574 decantes
1319 3508 1512 3593 eleyos
1560 3532 1671 3571 eur
1715 3508 1828 3572 tibi
1872 3508 2083 3572 iunior

1081 3616 1248 3681 laesa
1285 3618 1641 3701 praeniteat
1670 3617 1827 3703 fide.

653 3719 729 3784 In
775 3720 943 3788 libro
977 3728 1190 3788 autem
1225 3723 1504 3789 secundo
1550 3720 1911 3786 Tibulliano
1946 3738 2261 3802 nusquam
2310 3718 2583 3799 legimus
2615 3717 2822 3781 iunio-

475 3845 612 3891 rem
669 3832 1019 3895 amatorem
1071 3830 1477 3911 superavisse
1527 3827 1849 3893 Tibullum
1919 3827 2034 3892 sed
2104 3826 2368 3891 divitem
2434 3824 2534 3889 cui
2595 3823 2822 3887 Neme-

477 3935 566 3999 sis
644 3952 715 4000 se
787 3934 1056 4001 dederat
1125 3942 1451 4004 auctorem
1515 3934 1716 4002 fuisse
1782 3933 1958 3999 illius
2028 3930 2567 4011 aerumnaruml).
2677 3926 2819 4015 ‚Sed

617 4166 662 4235 1)
697 4165 766 4218 In
804 4165 1033 4219 eundem
1071 4181 1306 4219 errorem
1343 4181 1520 4235 nuper
1555 4164 1758 4218 recidit
1782 4162 2035 4232 Ramsay‚
2063 4160 2365 4215 Selections
2398 4158 2538 4211 from
2567 4155 2816 4211 Tibullus

475 4255 581 4311 and
617 4256 954 4325 Propertius,
991 4253 1197 4308 Oxford
1241 4255 1392 4320 1887,
1430 4270 1483 4322 p.
1515 4252 1689 4309 XXV.
