3075 5100
2486 347 2562 407 41

211 522 481 604 quidem
545 521 882 586 morientis
943 522 1178 587 Tibulli
1235 541 1492 587 manum
1559 520 1961 586 deficientem
2024 524 2312 590 tenuisse
2378 524 2571 606 plane

210 628 442 694 fictum
502 633 606 693 est
651 665 736 674 —-
784 628 912 693 iam
974 628 1156 694 vides
1211 647 1339 710 qua
1393 629 1664 694 ratione.
1785 628 2050 694 Ovidius
2104 631 2161 695 si
2218 631 2573 696 orationem

212 735 414 801 aliter
467 733 932 801 conformasset
978 734 1143 800 haec
1188 735 1405 816 verba,
1463 740 1538 800 ut
1586 734 1877 799 Tibullus
1940 736 2338 818 cogitaverat
2392 737 2481 820 (in
2516 737 2571 819 I)
2616 765 2624 772 ·

213 842 296 907 de
349 841 546 905 Delia
593 860 735 906 cum
784 846 1064 923 optaret,
1114 842 1209 906 ita
1237 842 1490 907 Deliam
1537 842 1858 907 dicentem
1903 840 2119 908 facere
2166 843 2405 925 potuit;
2456 845 2573 909 sed

211 967 298 1013 ne
348 946 488 1013 tu'm
541 949 798 1030 quidem
847 949 903 1014 si
951 950 1121 1030 quod
1168 948 1276 1014 ille
1325 953 1592 1014 voverat
1637 965 1869 1029 reapse
1899 949 2202 1014 morienti
2235 950 2573 1015 obvenisse

212 1075 336 1138 per
368 1055 624 1120 Deliam
670 1054 1014 1136 firmasset,
1063 1056 1159 1120 rei
1200 1055 1393 1137 plane
1438 1055 1897 1137 respondisset,
1948 1075 2109 1140 cum,
2158 1062 2232 1121 ut
2276 1058 2573 1138 exposui-

212 1181 360 1228 mus
395 1161 653 1230 Deliam
701 1181 1001 1244 supremo
1048 1162 1114 1226 in
1161 1162 1341 1253 illum
1389 1160 1599 1227 officio
1646 1181 1773 1228 non
1818 1162 2100 1230 functam
2148 1182 2290 1231 esse
2337 1165 2567 1245 ipsam,

216 1270 313 1334 ita
361 1269 704 1334 morientis
762 1269 1001 1334 Tibulli
1050 1269 1287 1351 quippe
1336 1269 1446 1350 qui
1501 1269 1631 1333 iam
1686 1269 1937 1350 pridem
1994 1290 2134 1338 eam
2188 1289 2405 1335 amare
2462 1271 2571 1336 de-

215 1377 441 1441 siisset
511 1394 771 1441 manum
841 1374 1242 1440 deficientem
1315 1375 1607 1441 tenuisse
1676 1377 2039 1459 negandum
2108 1378 2217 1444 sit.
2331 1378 2571 1442 Tamen

215 1481 503 1548 disticha
563 1486 638 1546 ut
696 1481 1003 1564 leguntur
1061 1482 1537 1562 reprehendere
1606 1501 1733 1547 non
1794 1484 1992 1549 iuvat.
2108 1484 2272 1549 Nam
2327 1485 2448 1549 hoc
2504 1484 2569 1548 in

215 1589 575 1654 certamine
621 1606 764 1652 cum
815 1586 1086 1652 Ovidius
1116 1587 1366 1652 Deliam
1422 1588 1739 1668 „primum
1772 1593 2095 1654 amorem“
2146 1591 2328 1672 prius
2374 1589 2573 1655 faciat

213 1695 612 1776 loquentem,
692 1694 1018 1760 Nemesim
1089 1697 1303 1758 autem
1383 1711 1639 1773 „curam
1711 1700 2077 1761 recentem“
2152 1696 2359 1763 altero
2427 1697 2569 1762 loco

213 1806 423 1884 ponat
471 1806 972 1866 consentaneum
1022 1805 1123 1866 est
1169 1801 1618 1881 gradationem
1664 1801 1986 1882 quandam
2044 1803 2370 1884 expectari
2428 1822 2571 1868 eam

214 1913 289 1973 ut
337 1926 506 1989 quae
551 1908 733 1989 prius
781 1907 996 1972 locuta
1042 1907 1130 1972 sit
1161 1907 1352 1972 Delia
1399 1924 1478 1972 ea
1509 1906 1802 1973 Nemesis
1849 1913 1985 1973 tum
2036 1927 2297 1989 operam
2346 1910 2457 1974 det
2496 1915 2571 1974 ut

215 2019 488 2095 superet
533 2013 635 2079 vel
681 2011 925 2079 refutet
971 2013 1396 2094 gravioribus„
1473 2014 1616 2078 Hoc
1648 2019 1864 2078 autem
1910 2018 1985 2078 ut
2032 2013 2323 2082 efficeret
2354 2021 2568 2097 poeta,

215 2139 364 2186 cum
412 2119 602 2200 plura
648 2137 727 2183 ex
776 2119 1010 2184 Tibulli
1058 2120 1226 2186 libro
1275 2121 1482 2202 primo
1529 2121 1596 2185 in
1645 2119 1766 2185 hoc
1796 2120 2090 2201 epicedio
2120 2123 2431 2206 hauriret,
2477 2123 2570 2188 nil

212 2227 434 2293 facere
481 2227 696 2307 potuit
741 2226 970 2292 melius
1019 2246 1211 2309 quam
1257 2233 1332 2302 ut
1376 2228 1442 2292 id
1489 2227 1661 2308 quod
1709 2227 1861 2293 olim
1909 2229 1989 2293 de
2036 2228 2224 2294 Delia
2273 2229 2571 2311 cogitans

218 2332 516 2398 Tibullus
595 2337 938 2414 optaverat
1014 2338 1088 2397 ut
1155 2333 1277 2398 sibi
1349 2334 1689 2400 obveniret
1756 2335 1897 2400 sine
1965 2335 2099 2400 ulla
2167 2336 2571 2402 dubitatione

217 2439 485 2504 Nemesi
544 2438 883 2504 tribueret.
991 2439 1133 2504 Non
1192 2438 1459 2505 fortuito
1517 2441 1718 2521 igitur
1776 2440 2041 2506 Ovidius
2097 2460 2234 2507 rem
2295 2443 2571 2508 mutavit

217 2548 320 2627 (ut
367 2546 432 2611 in
481 2566 537 2610 v.
579 2546 680 2626 50,
717 2543 793 2611 cf.
831 2563 878 2611 s,
917 2564 979 2627 p.
1017 2545 1149 2629 37),
1208 2548 1398 2612 immo
1457 2548 1752 2615 consulto
1800 2548 2147 2631 deditaque
2196 2568 2395 2630 opera
2443 2570 2568 2631 quo

212 2652 452 2718 fortius
500 2654 568 2718 id
625 2654 796 2735 quod
857 2652 1062 2717 voluit
1116 2654 1516 2734 impetraret.
1622 2656 1758 2733 Quo
1816 2653 1892 2720 fit
1947 2661 2019 2719 ut
2073 2656 2235 2720 haec
2292 2657 2569 2722 disticha
2697 2659 2703 2665 '

216 2761 344 2824 duo
393 2759 566 2841 quod
611 2758 765 2824 ficta
812 2764 967 2824 sunt
1010 2777 1139 2824 non
1186 2761 1373 2825 modo
1405 2780 1535 2826 non
1566 2759 1981 2842 offendamur,
2018 2762 2133 2827 sed
2164 2762 2569 2830 alacritatem

215 2871 284 2930 et
317 2865 610 2946 vigorem
650 2866 1042 2930 admiremur
1080 2866 1239 2931 adeo
1275 2867 1465 2947 capti,
1501 2872 1578 2931 ut
1624 2886 1764 2932 cum
1811 2886 1917 2932 res
1962 2873 2290 2949 tamquam
2337 2875 2570 2951 agatur

213 2992 346 3037 non
389 2977 694 3039 narretur
743 2991 1042 3037 scaenam
1091 2972 1258 3037 hanc
1314 2990 1458 3037 esse
1512 2972 1649 3039 fere
1708 2975 2042 3040 credamus
2098 2975 2163 3040 in
2221 2995 2348 3058 qua
2403 2977 2568 3043 duae

216 3096 538 3160 personae
585 3079 1002 3144 vehementer
1051 3080 1367 3144 excitatae
1414 3080 1831 3147 altercantur.

397 3188 578 3254 Haec
625 3185 826 3267 igitur
872 3186 1064 3266 plane
1112 3185 1264 3251 ficta
1312 3204 1453 3251 esse
1503 3192 1775 3255 constat.
1857 3186 1985 3253 Sed
2018 3188 2285 3255 Ovidius
2318 3188 2567 3272 fingens

220 3314 364 3359 cum
412 3292 716 3359 licentiae
765 3310 929 3373 quae
979 3297 1212 3373 poetae
1263 3298 1363 3359 est
1409 3299 1605 3376 atque
1660 3294 1726 3358 in
1775 3313 1902 3377 qua
1948 3296 2093 3377 ipsa
2150 3296 2363 3376 poesis
2419 3296 2569 3361 niti-

215 3406 326 3467 tur
373 3407 618 3466 temere
651 3416 779 3464 non
824 3398 1115 3480 indulsit,
1164 3404 1301 3464 tum
1349 3405 1730 3481 argumento
1777 3403 1947 3483 quod
1978 3407 2377 3468 tractaturus
2426 3407 2570 3467 erat

216 3509 455 3571 mirum
503 3510 820 3587 quantum
869 3506 1136 3571 servivit
1181 3523 1322 3570 cum
1370 3511 1440 3571 et
1485 3507 1699 3589 ipsum
1746 3508 2085 3591 utriusque
2131 3508 2387 3589 puellae
2434 3528 2569 3574 cer-

217 3620 436 3679 tamen
472 3630 720 3677 summa
751 3613 1078 3679 sententia
1109 3613 1534 3678 cumulaverit
1564 3618 1633 3678 et
1664 3613 2039 3679 recordatus
2071 3614 2248 3679 illius
2281 3616 2565 3696 descrip-

216 3720 416 3786 tionis
491 3718 896 3784 Tibullianae
965 3719 1033 3783 in
1101 3719 1287 3785 initio
1358 3704 1536 3801 (inde
1594 3740 1635 3786 a
1667 3740 1725 3786 v.
1760 3723 1873 3805 47)
1930 3721 2123 3786 rebus
2187 3739 2264 3786 ex
2313 3721 2564 3787 Tibullo

221 3825 566 3907 exscriptis
614 3826 680 3890 in
727 3825 939 3889 medio
990 3826 1168 3907 (inde
1215 3844 1254 3891 a
1303 3828 1414 3910 53)
1449 3824 1633 3890 novis
1682 3843 1759 3889 ex
1806 3825 2009 3905 ipsius
2056 3827 2315 3909 ingenio
2356 3829 2567 3894 adiec-

218 3934 307 3997 tis
356 3933 422 3995 in
469 3929 597 3995 fine
646 3931 728 3995 ad
760 3932 1188 3997 Tibullianam
1224 3932 1609 3998 sententiam
1641 3932 1930 3998 redierit.
2007 3933 2299 4016 Namque
2330 3955 2567 4002 memo—

216 4039 382 4102 riam
433 4037 672 4102 Tibulli
721 4038 1036 4105 celebrari
1084 4040 1288 4104 voluit
1320 4076 1402 4085 —
1437 4039 1711 4119 poetice.
1792 4038 1975 4116 Quod
2022 4040 2076 4103 si
2122 4040 2328 4105 voluit
2374 4041 2566 4105 aliter

221 4143 482 4209 efficere
549 4144 807 4225 potuit?
929 4144 1185 4210 Deliam
1255 4147 1671 4211 adamaverat
1739 4150 1963 4226 poeta3
2035 4164 2200 4227 quae
2270 4146 2569 4211 destituit

223 4256 456 4333 nupta;
532 4255 670 4315 tum
746 4250 1096 4318 Nemeseos
1168 4253 1444 4336 gratiam
1515 4256 1591 4317 ut
1658 4252 1783 4318 sibi
1861 4252 2234 4320 conciliaret
2301 4270 2564 4335 operam
