3075 5100
2482 331 2560 392 61

211 509 500 591 respexit
555 509 666 591 qui
713 509 1095 574 brevitatem
1143 507 1332 574 huius
1389 507 1561 588 libri,
1612 525 1802 588 quam
1851 506 2121 572 moleste
2179 505 2325 587 fert,
2382 506 2561 572 nullo

210 616 402 682 modo
453 620 673 682 censet
718 614 995 698 intelligi
1041 633 1233 696 posse
1278 615 1404 680 nisi
1451 634 1530 680 ex
1578 620 1753 679 statu
1801 613 2112 678 librorum
2154 612 2389 677 Tibulli
2437 613 2565 677 iam

210 723 468 804 pridem
523 722 904 804 perturbato
963 722 1052 806 (in
1107 741 1185 798 ea
1239 727 1428 804 parte
1483 722 1632 786 libri
1692 739 1885 802 quam
1940 719 2296 800 inscripsit:
2372 719 2556 801 „Sto—

211 854 452 915 runyen
511 832 623 895 der
682 831 929 894 antiken
983 830 1379 916 Buchform“
1429 846 1543 910 pp.
1582 827 1981 909 371-—4‘29).
2078 825 2214 890 Iam
2273 835 2567 891 nostrum

214 943 314 1002 est
363 956 518 1002 num
567 941 742 1002 recte
790 937 888 1002 vir
936 937 1164 1002 doctus
1212 935 1639 1000 ratiocinatus
1688 935 1774 999 sit
1822 933 2207 998 examinare.

395 1043 499 1109 Ita
565 1042 700 1109 fere
755 1044 1002 1110 Birtius
1064 1063 1200 1109 rem
1259 1042 1542 1124 explicat
1588 1041 1672 1125 (p.
1708 1041 2045 1123 427sqq.):
2098 1037 2297 1120 „Cum
2350 1044 2415 1105 et
2464 1059 2566 1104 co-

215 1150 392 1216 dices
473 1151 706 1233 quibus
780 1151 933 1216 libri
1012 1149 1358 1215 Tibulliani
1437 1149 1621 1214 nobis
1696 1149 2111 1214 traderentur
2187 1147 2566 1212 recentioris

216 1258 456 1323 aetatis
521 1262 739 1324 essent
793 1277 1001 1341 neque
1056 1256 1404 1324 verisimile
1465 1261 1639 1320 esset
1696 1255 2114 1338 archetypum
2182 1272 2291 1319 eos
2348 1258 2565 1319 aetate

217 1364 424 1430 multo
481 1383 811 1446 superare,
864 1364 1182 1446 excerptis
1223 1363 1536 1429 Parisinis
1583 1364 1821 1446 quippe
1854 1380 2019 1444 quae
2066 1361 2167 1426 his
2212 1361 2567 1426 vetustiora

217 1475 441 1538 essent
473 1471 871 1553 aliquantum
907 1471 1314 1537 auctoritatis
1347 1469 1760 1536 tribuendum
1808 1487 1969 1534 esse.
2044 1469 2219 1546 Quae
2252 1486 2394 1532 cum
2427 1487 2567 1534 ver-

217 1597 327 1644 sus
379 1597 458 1644 ex
507 1578 743 1642 Tibulli
791 1579 1068 1659 secundo
1129 1578 1342 1661 (quem
1389 1595 1528 1643 nos
1587 1595 1819 1642 vocare
1876 1575 2175 1657 solemus)
2232 1574 2398 1639 libro
2456 1593 2567 1655 pe-

216 1683 376 1749 titos
424 1685 519 1748 ita
567 1683 1034 1765 significarent:
1088 1684 1196 1765 „in
1244 1683 1573 1764 secundo“,
1622 1700 1845 1748 versus
1893 1683 2003 1764 qui
2049 1681 2240 1746 hodie
2287 1681 2355 1745 in
2401 1682 2567 1764 Lyg-

217 1791 393 1854 dami
463 1788 688 1872 elegiis
757 1790 1127 1873 legerentur
1193 1808 1318 1855 non
1385 1788 1478 1853 ita
1545 1787 1848 1853 exhibere
1914 1793 1987 1852 ut
2042 1788 2398 1853 scriberent
2456 1790 2567 1870 „in

214 1897 461 1976 tertio“‚
513 1897 627 1962 sed
658 1898 768 1977 „in
799 1899 1052 1962 eodem“
1103 1899 1354 1982 (nempe
1391 1895 1723 1976 secundo);
1774 1913 1973 1977 quare
2014 1896 2143 1959 iam
2176 1901 2401 1976 patere
2434 1914 2567 1959 mo-

217 2004 516 2084 nachum,
577 2004 688 2086 qui
745 2005 1199 2086 excerpsisset,
1259 2005 1325 2068 in
1383 2003 1663 2067 secundo
1711 2002 2033 2068 volumine
2079 2002 2391 2085 Lygdami
2439 2002 2566 2066 ele-

219 2111 361 2192 gias
409 2111 665 2192 legisse.
750 2112 1120 2177 Tenendum
1167 2129 1307 2177 esse
1352 2111 1554 2193 igitur
1598 2110 1664 2173 in
1714 2108 2031 2189 excerptis
2079 2109 2239 2174 duos
2287 2113 2566 2173 tantum-

215 2216 410 2281 modo
464 2216 664 2282 libros
713 2217 951 2282 Tibulli
999 2234 1354 2282 occurrere.
1451 2216 1631 2294 Quod
1681 2215 1939 2298 quidem
1986 2216 2383 2297 negligentia
2430 2217 2567 2280 eius

218 2327 329 2409 qui
379 2343 606 2390 versus
655 2322 1105 2404 exscripsisset
1149 2321 1389 2388 factum
1438 2341 1580 2388 esse
1628 2322 2035 2402 incredibile;
2096 2341 2244 2387 nam
2294 2322 2567 2387 Vincen-

219 2434 382 2497 tium
434 2448 687 2513 quoque
734 2429 1252 2496 Bellovacensem
1304 2429 1572 2513 Lydami
1619 2448 1841 2496 versus
1892 2429 1985 2494 ita
2042 2429 2355 2495 citavisse.
2473 2429 2569 2492 Ex

219 2539 455 2622 quibus
503 2537 934 2621 colligendum
995 2556 1136 2603 esse
1183 2557 1318 2603 rem
1368 2542 1643 2619 utroque
1690 2540 1858 2603 teste
1920 2575 1993 2583 -
2048 2537 2141 2601 ita
2190 2537 2433 2602 Birtius
2486 2574 2569 2583 --

218 2665 364 2713 esse
426 2646 880 2725 vetustiorem3
941 2650 1009 2710 et
1068 2645 1374 2711 accedere
1439 2646 1607 2727 quod
1674 2645 1815 2726 ipse
1880 2644 2079 2709 codex
2138 2643 2569 2711 Santenianus

217 2755 359 2836 (qui
419 2754 674 2819 saeculo
732 2772 900 2817 nono
957 2750 1374 2834 adscribitur)
1431 2750 1669 2816 Tibulli
1732 2750 1935 2815 libros
1984 2751 2143 2815 duos
2192 2769 2568 2816 commemo-

217 2859 532 2943 raret¹)“.
587 2895 658 2905 —-
715 2857 980 2940 Iamque
1027 2858 1082 2923 si
1131 2859 1498 2941 quaerimus
1549 2863 1831 2940 quanto
1881 2858 2195 2923 vetustior
2241 2856 2435 2923 fuerit
2466 2876 2570 2923 res

216 2972 498 3047 utroque
545 2971 714 3031 teste
761 2965 1112 3047 respondet
1157 2965 1402 3030 Birtius
1449 2966 1625 3046 ipsos
1675 2970 1925 3030 veteres
1975 2965 2383 3047 (quamquam
2420 2964 2567 3031 Ovi-

219 3074 395 3154 dius,
458 3074 568 3155 qui
624 3078 966 3155 utramque
1014 3072 1356 3137 voluminis
1418 3073 1681 3138 secundi
1728 3076 1981 3154 partem
2028 3108 2115 3118 ——
2164 3071 2568 3154 „Nemesim“
2607 3101 2622 3116 x

224 3185 289 3245 et
315 3180 806 3267 „Ly9damum“
845 3215 929 3224 —
955 3176 1306 3261 imitatus²)
1335 3183 1527 3259 esset,
1556 3179 1847 3243 traderet
1878 3198 2007 3243 non
2041 3177 2375 3259 Neaeram,
2405 3198 2569 3261 quae

220 3287 504 3355 occurrit
547 3288 614 3352 in
661 3286 972 3370 Lygdami
1019 3284 1263 3366 elegiis,
1315 3284 1428 3349 sed
1461 3284 1712 3349 Deliam
1762 3291 1828 3350 et
1872 3284 2196 3349 Nemesim
2245 3304 2284 3349 a
2317 3285 2569 3351 Tibullo

219 3400 470 3461 amatas
530 3394 692 3476 esse)
753 3394 876 3458 duo
932 3392 1259 3458 volumina
1307 3410 1470 3474 quae
1527 3391 1611 3456 ad
1655 3392 2009 3473 legitimam
2057 3411 2343 3457 normam
2392 3411 2571 3458 acce-

219 3502 452 3567 derent
495 3500 829 3566 habuisse:
879 3499 1155 3581 primum
1203 3498 1389 3563 enim·
1421 3498 1516 3581 (ut
1544 3498 1759 3580 hodie)
1794 3500 2183 3565 continuisse
2209 3500 2337 3563 820
2355 3498 2397 3582 ³)
2452 3520 2566 3581 vv„

221 3609 570 3675 Secundum
617 3612 832 3673 autem
871 3642 948 3653 -·
987 3606 1391 3688 „Neme8im“
1441 3611 1507 3671 et
1555 3605 1958 3687 „Neaeram“
2018 3625 2209 3688 quam
2258 3605 2426 3671 Sosii
2473 3605 2569 3671 bi-

219 3715 545 3797 bliopolae
591 3714 913 3781 notissimi
962 3713 1420 3779 adnexuissent
1467 3751 1554 3763 —-
1605 3715 1732 3777 428
1763 3718 1842 3789 -Ι-
1873 3716 2002 3777 290
2035 3743 2103 3763 ==
2141 3714 2267 3777 718
2301 3733 2399 3778 vv.

403 3820 531 3887 Sed
575 3822 726 3886 huic
772 3820 1254 3887 ratiocinationi
1315 3840 1480 3903 quae
1535 3820 1811 3902 primum
1870 3820 2148 3884 intuenti
2207 3818 2379 3885 haud
2434 3820 2565 3885 scio

223 3949 306 3995 an
355 3930 643 3994 arrideat
691 3928 1110 4011 gravissimae
1158 3928 1595 3993 dubitationes
1630 3927 1907 3992 obstant.
1981 3926 2237 3991 Etenim
2285 3928 2341 3991 si
2386 3932 2566 3992 tene-

367 4090 416 4158 1)
453 4088 524 4142 cf.
549 4048 778 4158 ffluptii
816 4105 1001 4158 opusc.
1027 4088 1134 4156 111,
1175 4090 1223 4156 2,
1261 4105 1314 4158 p.
1341 4089 1466 4142 426.
1506 4087 1574 4141 of.
1602 4087 1639 4141 i.
1664 4103 1717 4155 p.
1744 4088 1811 4141 69
1848 4102 1901 4142 n.
1932 4088 1982 4139 2.

363 4177 408 4248 2)
445 4178 528 4233 De
564 4179 963 4233 imitationibus
1004 4178 1071 4231 cf.
1100 4195 1142 4231 ε.
1167 4195 1222 4247 p.
1248 4179 1319 4233 50
1342 4194 1395 4233 n.
1431 4179 1478 4230 2.

365 4266 414 4337 3)
453 4267 591 4322 Sunt
627 4270 733 4324 810
769 4285 874 4336 vv.,
911 4284 1022 4322 non
1059 4270 1181 4323 320.
